1650 2587
678 141 699 144 —
771 119 932 154 101-

576 210 620 242 37.
662 211 705 244 De
724 212 833 243 saneta
852 212 1040 244 Katharina.

293 282 339 313 In
367 283 398 315 1.
425 282 639 322 Vesperis,

152 356 192 388 R.
227 356 252 389 Ο
279 356 397 389 Christi
419 357 531 400 pietas,

267 412 284 435 o
310 404 410 436 virtus
436 406 530 444 atque
553 406 706 444 potestas,

222 451 364 491 Virginis
391 459 429 483 ex
453 451 602 484 membris

269 499 352 530 sacri
376 496 447 531 fluit
471 500 557 532 unda
579 499 723 539 liquoris,

225 545 321 578 Unde
344 545 425 579 fides
449 547 551 587 aegris

270 592 412 625 infundit
437 594 520 625 dona
543 593 664 635 salutis,

188 667 195 674 .
223 640 367 680 Virginis
393 640 432 672 ob
458 641 603 672 meritum

269 691 376 719 manet
408 687 467 719 hoc
491 687 695 728 memorabile
719 687 780 726 sig-

552 744 637 766 num.

349 818 394 846 Ad
414 819 593 855 Magnificat.

191 902 197 909 .
228 876 346 909 Inclita
370 879 499 908 sanctae
524 876 654 915 virginis

230 924 429 955 Katharinae
453 923 605 956 solemnia

230 970 392 1010 Suscipiat.
413 971 564 1002 alacriter

230 1017 289 1048 Pia
312 1020 414 1049 mater
436 1018 580 1049 ecclesia.

228 1065 308 1106 Ave,
336 1066 424 1105 virgo
448 1064 517 1096 Deo
545 1064 649 1103 digna,

226 1111 306 1149 Ave,
335 1111 436 1143 dulcis
462 1113 494 1142 et
519 1111 663 1150 benigna,

229 1158 345 1190 Obtine
370 1157 459 1190 nobis
484 1158 609 1198 gaudia,

229 1206 315 1245 Quae
338 1205 484 1245 possides
509 1206 541 1237 iu
566 1205 676 1245 gloria.

300 1320 361 1351 Ad
381 1318 643 1352 Matutinum.

361 1393 577 1421 Invitatorium.

231 1451 373 1491 Virginis
397 1453 490 1490 atque
514 1450 576 1482 Dei

274 1502 348 1530 nato
370 1498 541 1538 jubilemus
567 1497 671 1536 herili,

233 1544 291 1577 Cui
315 1545 495 1578 Katharina
521 1545 648 1583 duplam

273 1592 337 1624 fert
345 1595 466 1631 martyr
476 1592 626 1632 virgoque
632 1592 780 1631 palmam.

293 1707 338 1738 In
366 1707 395 1739 1.
423 1705 652 1737 Nocturno.

374 1780 568 1816 Antiphonae.

195 1866 202 1873 .
228 1839 315 1872 Filia
340 1839 543 1880 Graecorum,

271 1887 355 1927 regis
382 1886 479 1928 Costi,
505 1885 693 1927 Katharina,

232 1933 398 1966 Coelorum
423 1934 506 1974 regis

275 1981 393 2014 Christi
418 1981 556 2013 thalamo
581 1981 662 2012 nitet
685 1981 759 2013 alto.

197 2067 204 2074 .
229 2038 317 2071 Luce
343 2038 495 2070 creatoris

273 2084 331 2118 fios
358 2088 390 2117 et
411 2085 506 2117 decus
525 2085 585 2117 hoc
602 2086 672 2116 erat
687 2083 783 2127 orbis,

231 2133 366 2166 Siderea
389 2130 494 2164 forma

276 2189 346 2212 cum
371 2181 439 2212 vita
461 2182 626 2218 menteque
641 2179 785 2219 pulchra.

196 2266 202 2273 .
230 2238 348 2271 Divina
373 2236 449 2269 cluit

273 2288 402 2317 terrena
425 2282 637 2324 philosophia,

231 2332 365 2366 Artibus
387 2335 419 2364 et
443 2331 534 2363 libris

275 2380 436 2421 verboque
459 2381 573 2420 potens
600 2378 737 2413 deitatis.

847 284 881 316 4.
905 282 999 315 Hanc
1023 283 1114 315 multi
1137 283 1203 315 late

949 332 1101 370 cuperent
1125 339 1277 371 regesque
1304 331 1460 369 ducesque

875 505 881 511 .
907 477 1056 509 Imminet
1079 478 1250 519 Augustus,

950 527 1121 565 tempestas
1148 524 1417 566 Christicolarum,

906 572 995 603 Tunc
1021 571 1197 604 Katharina
1220 572 1291 603 neci

948 628 982 650 se
1006 622 1179 659 praeparat
1203 619 1307 651 hostia
1329 618 1456 652 Christi.

874 698 880 704 .
908 670 1075 703 Concurrit
1097 672 1232 710 populus

953 717 1035 749 fanis
1060 718 1154 749 litare
1178 717 1329 760 profanis,

908 765 997 797 Mors
1024 767 1070 796 est
1095 774 1190 798 saeva
1212 765 1284 805 piis,

950 815 1080 844 caterva
1102 812 1225 844 resistit
1244 812 1371 851 iniquis.

1048 877 1252 912 Responsoria.

874 956 880 963 .
907 930 1017 970 Regna
1040 933 1149 961 teneus
1174 930 1279 970 patria

951 977 1078 1010 Christo
1102 978 1228 1016 pupilla
1250 977 1373 1019 relicta,

907 1023 1127 1056 Alexandrina

951 1070 1128 1103 Katharina
1152 1070 1282 1111 regebat
1305 1071 1338 1101 in
1362 1070 1444 1109 aula,

869 1143 875 1150 .
907 1119 1011 1158 Argos
1036 1117 1124 1157 virgo
1150 1125 1272 1158 regens,

952 1165 1015 1205 pia,
1034 1166 1122 1204 larga
1134 1164 1264 1205 Deoque
1280 1164 1460 1198 cohaerens,

876 1243 883 1250 .
909 1216 1025 1248 Sancta
1049 1216 1136 1256 virgo
1162 1216 1350 1257 Katharina‚

952 1264 1038 1297 Costi
1061 1264 1144 1303 regis
1172 1262 1243 1304 filia,

909 1310 1036 1342 Summo
1061 1310 1146 1349 patri
1169 1310 1238 1341 Deo
1265 1310 1360 1350 (ligna

953 1357 1062 1389 mundi
1085 1358 1208 1396 sprevit
1231 1357 1355 1397 gaudia,

870 1430 877 1437 .
910 1405 988 1436 Tam
1015 1404 1130 1436 divinis
1156 1412 1247 1444 quam
1273 1404 1416 1436 humanis

954 1452 1078 1483 erudita
1102 1451 1227 1483 studiis.

878 1530 884 1536 .
912 1503 1003 1543 Cogit
1027 1503 1143 1536 Caesar
1168 1502 1286 1534 Christi
1308 1511 1416 1535 servos

953 1551 1055 1582 libare
1077 1549 1291 1589 daemonibus,

912 1598 973 1630 Sed
997 1597 1124 1638 tyranni
1148 1597 1237 1637 virgo
1259 1597 1349 1635 jussa

955 1653 1031 1677 voce
1057 1644 1186 1675 damnat
1207 1643 1320 1683 libera,

840 1694 877 1726 V.
908 1691 1016 1724 Saevit
1039 1691 1138 1723 hostis
1162 1691 1345 1723 innocentes

952 1739 1110 1780 perimens
1130 1737 1290 1771 atrociter.

856 1795 888 1828 4,
914 1792 1053 1832 Angelus
1078 1799 1096 1821 e
1121 1791 1207 1822 coelo

954 1838 1042 1871 fovet
1059 1839 1139 1869 hanc
1153 1846 1220 1869 cum
1235 1838 1353 1870 lumine
1367 1838 1463 1878 claro,

911 1887 961 1919 Ne
984 1887 1106 1925 timeas,
1134 1886 1234 1926 virgo,

954 1934 1071 1972 vinces,
1098 1933 1153 1973 ait,
1180 1933 1308 1972 auspice
1325 1933 1461 1973 Christo,

842 1984 880 2016 V.
912 1981 1057 2014 Carceris
1082 1980 1115 2011 in
1142 1980 1278 2012 claustro

956 2036 1093 2060 summus
1118 2027 1258 2059 Michael
1282 2027 1448 2059 radiando.

975 2113 1020 2145 In
1047 2113 1078 2145 2.
1104 2111 1334 2143 Nocturno.

1055 2177 1250 2213 Antiphonae.

860 2234 890 2267 1.
917 2232 988 2265 Stat
1013 2231 1131 2265 Christi
1155 2230 1245 2262 testis

957 2280 1054 2312 tantis
1079 2287 1248 2319 congressa
1271 2279 1430 2322 sophistis,

917 2326 1138 2368 Spectaculum
1162 2326 1286 2358 miseris

959 2375 1180 2413 hominumque
1195 2376 1308 2414 parata
1321 2374 1466 2407 catervis.
