1650 2587
703 125 744 130 —-
799 105 960 141 102—

219 229 226 235 .
252 202 518 241 Argumentantes

299 251 518 289 argumentosa
541 246 669 286 refellit,

251 295 396 327 Destruit
419 296 572 327 idolatras

295 345 327 373 et
351 342 514 382 praedicat
538 341 791 373 omnicreantem.

222 421 228 426 .
253 394 323 425 Rex
347 395 454 433 stupet
477 395 510 424 et
532 400 680 432 proceres

295 439 562 479 circumfusaeque
587 439 741 478 cohortes,

251 487 338 519 Vicit
360 486 510 518 bellatrix

295 533 422 573 Christi,
448 537 575 564 tacuere
599 532 743 566 rebelles,

219 610 226 617 .
252 584 404 617 Affirmat
427 585 536 615 rhetor

296 634 476 663 cunctorum
500 639 577 662 vera
600 630 735 662 locutam

250 678 295 710 Et
318 679 418 709 solum
443 677 612 709 Dominum

294 725 491 757 Katharinae
515 725 576 756 rite
601 725 775 756 colendum.

217 806 223 812 .
250 781 296 814 Ut
320 782 437 815 Caesar
460 781 550 824 vidit,

293 828 366 868 quia
389 829 478 868 virgo
503 828 549 859 sic
574 828 743 871 superavit,

250 876 366 915 Arguit,
390 875 528 915 elingues

292 931 421 962 prorsus
446 921 547 954 factos
572 922 740 963 sapientes

218 1005 222 1008 .
249 977 370 1010 Rhetor
393 977 576 1018 magnificus

293 1033 351 1064 pro
377 1025 496 1056 cunctis
523 1025 648 1057 dixerat
670 1035 767 1057 unus:

251 1071 323 1103 Non
347 1080 453 1102 sumus
474 1071 528 1103 hic
552 1072 637 1112 victi,

292 1118 348 1149 sed
375 1117 498 1150 Christo
525 1119 654 1151 credere
680 1119 775 1153 docti.

387 1192 591 1227 Responsoria.

219 1266 225 1272 .
253 1239 330 1271 Cum
354 1239 397 1271 sis
421 1248 478 1271 rex
502 1240 671 1280 hominum,

298 1286 458 1326 regnatori
482 1295 666 1326 superorum

252 1332 415 1365 Debueras
441 1333 575 1375 Christo,

298 1389 361 1411 nou
385 1380 584 1419 sculptilibus
606 1379 762 1421 famulari,

211 1450 219 1458 .
249 1426 364 1467 Arguit
386 1427 420 1457 in
444 1425 557 1458 faciem

299 1473 479 1505 doctissima
503 1474 590 1514 virgo
616 1473 782 1507 furentem.

218 1555 225 1563 .
251 1529 365 1561 Mundi
390 1529 594 1569 philosophos

299 1576 415 1608 Caesar
434 1579 527 1609 vocat
543 1580 636 1617 atque
653 1577 797 1616 disertos,

251 1623 296 1655 Ut
320 1625 439 1654 certent
466 1632 536 1654 cum
560 1633 622 1655 una

298 1669 456 1702 Christum
481 1669 639 1701 referente
661 1671 778 1710 puella,

211 1741 219 1748 .
249 1716 479 1755 Quinquaginta
504 1716 621 1748 micant

299 1771 336 1793 ex
361 1763 484 1802 agmine
507 1763 744 1797 rhetoricorum.

217 1841 224 1848 .
251 1819 409 1850 Insultant
428 1819 503 1860 igni,

297 1865 484 1904 Katharina,
510 1866 555 1897 tui
579 1868 628 1898 tot
651 1868 778 1907 alumni,

247 1913 459 1952 Martyriique
482 1921 584 1944 meras

295 1959 380 1998 rapit
388 1959 462 1991 hinc
470 1968 545 2000 gens
557 1960 650 1992 docta
657 1969 748 1992 coron
753 1971 787 1993 as

212 2031 219 2038 .
251 2006 322 2038 Non
350 2006 582 2048 comburuntur,

297 2053 354 2085 sed
377 2053 410 2084 in
431 2052 559 2085 fornace
584 2056 768 2094 coquuntur.

218 2134 225 2141 .
254 2108 379 2141 Christo
405 2110 569 2141 credentes

295 2154 436 2188 flammas
460 2156 580 2188 intrant
602 2156 760 2196 sapientes

248 2202 292 2234 Et
314 2203 461 2242 precibus
486 2202 564 2235 fusis

295 2250 431 2290 migrant
455 2251 497 2283 ad
522 2251 637 2291 gaudia
660 2251 756 2290 lucis;

791 1987 798 2003 7

181 2298 217 2329 V.
249 2297 273 2329 O
299 2297 398 2328 virtus
425 2297 552 2338 Christi,

298 2343 343 2374 nil
367 2345 531 2383 praevalet
554 2345 684 2377 artubus
705 2345 796 2385 ignis,

857 312 897 344 A.

871 686 901 718 1.

857 1446 895 1479 V.

990 200 1040 231 In
1066 200 1097 232 3.
1123 198 1351 231 NocturnO.

1070 262 1116 289 Ad
1137 252 1266 289 cantica.

928 310 1029 343 Laeta
1051 312 1158 341 mente
1180 310 1251 351 tibi,

974 358 1062 397 virgo
1088 357 1271 397 dignissima
1296 357 1422 400 Christi,

927 405 1026 437 Festa
1052 404 1246 436 celebrantes

975 460 1032 483 nos
1057 451 1141 491 audi,
1168 451 1327 490 poscimus
1349 459 1467 492 omnes,

928 498 1034 538 Atque
1058 498 1120 530 tuis
1145 498 1294 537 precibus

975 545 1066 578 nobis
1091 545 1180 585 aperi
1198 545 1253 585 pia
1275 545 1387 577 coelos.

1066 629 1272 665 Responsoria.

928 686 1121 718 Verberibus
1148 687 1225 718 diris

975 736 1116 765 sanctam
1140 734 1321 766 Maxentius
1347 734 1445 765 hostis

925 780 1082 821 Immolat,
1107 781 1164 812 illa
1188 790 1277 812 suum

974 830 1065 868 rogat
1094 828 1177 859 inter
1201 828 1336 859 verbera
1359 828 1478 868 Jesum,

930 874 1078 907 Gaudens
1102 875 1182 906 haec
1204 875 1272 915 pati

975 922 1028 961 qui
1051 922 1185 961 pertulit
1207 922 1312 954 hostia
1334 921 1453 953 mundi.

928 978 1046 1010 Visitat
1068 979 1212 1017 Augusta

969 1025 1176 1056 Katharinam
1192 1033 1319 1057 carcere
1329 1026 1477 1066 clausam,

925 1072 988 1104 Illa
1014 1072 1098 1104 velut
1121 1081 1193 1103 rosa

968 1118 1157 1158 splendebat
1180 1119 1251 1150 luce
1275 1127 1427 1159 superna3

925 1165 1070 1197 Credidit
1092 1165 1237 1206 Augusta

970 1211 1127 1244 Christum
1154 1212 1286 1244 docente
1310 1212 1443 1253 Sybilla.

897 1285 904 1291 .
932 1258 1074 1291 Christus
1099 1261 1239 1290 sanctam
1264 1259 1431 1291 tenebroso

969 1305 1124 1337 reclusam
1149 1306 1306 1345 ergastulo

925 1352 1009 1384 Miro
1034 1352 1111 1384 satis
1135 1355 1230 1392 atque
1251 1352 1371 1385 blando

970 1397 1127 1430 confortat
1150 1399 1305 1439 alloquio:

925 1445 1019 1478 Salve
1042 1446 1130 1486 virgo
1155 1446 1332 1487 benedicta,

969 1502 1061 1532 quam
1086 1493 1205 1526 Christi
1228 1494 1418 1533 praesentia.

868 1550 899 1582 4.
923 1548 974 1580 De
998 1549 1083 1581 coelo
1108 1548 1247 1589 geminas

973 1594 1036 1627 fert
1060 1596 1199 1636 angelus,
1226 1605 1308 1635 ecce,
1336 1606 1478 1638 coronaS‚

930 1642 1031 1675 Unam
1055 1643 1192 1683 reginae,

973 1692 1102 1721 sanctae
1122 1698 1198 1722 suae
1218 1690 1426 1731 Katharinae,

927 1735 1079 1776 Hancque
1102 1740 1230 1769 coronat
1256 1741 1288 1769 et
1312 1737 1405 1781 hanc,

979 1783 1084 1815 dotem
1107 1783 1182 1816 fidei
1208 1784 1263 1816 dat
1286 1786 1423 1825 utrique.

1016 1888 1032 1919 I
1041 1897 1061 1918 n
1086 1887 1115 1919 L
1124 1897 1143 1919 a
1151 1897 1172 1918 u
1182 1888 1251 1920 dib
1260 1899 1279 1920 u
1288 1898 1316 1920 s.

1071 1951 1265 1988 Autiphonae.

893 2036 900 2043 .
925 2009 1064 2041 Aeterno
1089 2010 1167 2050 regi,

971 2057 1057 2088 coelo
1082 2059 1230 2097 terraque
1254 2059 1387 2101 potenti,

928 2102 1064 2135 Servans
1087 2107 1189 2135 morte
1211 2104 1305 2137 fidem

969 2150 1058 2190 virgo
1084 2154 1252 2191 conregnat
1278 2152 1391 2186 eidem.

894 2232 901 2239 .
925 2206 1019 2238 Atria
1042 2207 1217 2239 Jerusalem

972 2257 1143 2292 penetrans
1168 2257 1201 2286 et
1223 2255 1350 2287 luminis
1373 2264 1479 2287 arcem

924 2299 1013 2331 Haec
1033 2301 1151 2340 ,J'ubilat
1174 2310 1300 2341 sponso,

971 2348 1069 2379 servit
1094 2349 1144 2379 cui
1170 2348 1304 2380 coelicus
1329 2349 1418 2385 ord0.
