1650 2587
203 266 281 284 num.
302 274 341 278 —
360 258 396 286 In
415 257 442 286 2.
462 260 548 288 Noct.
569 257 592 285 Α

726 124 986 161 —235—

276 220 362 247 Brev.
383 220 552 257 Agathense
571 221 641 286 img.
662 221 816 249 Valentiae
839 218 920 249 1510.
940 235 976 240 —
997 222 1032 249 In
1055 219 1068 249 I
1099 223 1183 251 Noct.
1204 217 1226 249 Ᾱ
1247 221 1273 257 2,
1294 221 1313 250 2
1332 224 1436 251 Vitans
1455 232 1504 251 ve-

661 256 679 286 3
698 261 799 295 pastus
820 260 967 286 aerimine.
988 275 1025 279 —
1044 260 1080 287 In
1099 258 1126 288 3.
1147 262 1230 289 Noct.
1252 259 1275 287 Α
1297 259 1321 296 1,
1344 259 1358 288 1
1379 262 1504 290 Lirenus

203 295 330 323 sulcans.
351 312 388 317 —
408 295 432 323 Α
458 296 482 332 1,
503 295 521 324 2
540 297 658 325 Erauri.
680 313 716 317 —
736 296 858 325 Prosell.
880 295 897 324 6
916 297 1076 325 Excidetur
1094 298 1191 327 humo.

656 426 703 458 89.
741 426 784 457 De
804 427 910 458 sancto
931 427 1059 458 Silvine.

341 516 387 548 In
413 516 445 550 1.
471 515 688 556 Vesperis.

393 590 439 618 Ad
458 589 637 626 Magnificat.

203 657 246 691 A.
278 658 356 690 Cum
381 658 496 698 gaudio
522 657 685 689 celebrent

276 705 429 737 ecclesiae
452 704 511 736 filii

278 752 361 784 diem
383 751 498 784 festum
525 751 626 783 sancti

276 800 434 839 praesulis
459 798 582 839 Silvini‚

276 847 330 886 qui
357 846 546 879 venerabilis

276 894 362 925 vitae
385 893 500 925 studiis

276 941 329 972 hic
351 940 475 981 placuit
497 940 651 972 altissimo

279 990 311 1018 et
334 996 417 1019 nunc
441 987 475 1018 in
500 987 644 1018 coelestis

279 1038 407 1066 senatus
435 1034 524 1066 curia
549 1033 617 1065 Deo

278 1082 463 1120 conjunctus
490 1083 538 1112 est
563 1088 632 1111 cum
659 1078 783 1118 gaudio.

344 1203 407 1235 Ad
430 1202 694 1235 Matutinum.

415 1277 631 1304 Invitatorium.

279 1345 363 1377 Viva
386 1343 451 1376 fide
474 1345 641 1376 adoremus

327 1391 428 1423 filium
452 1391 513 1424 Dei
540 1391 614 1430 vivi,

279 1439 388 1471 Jesum
414 1447 519 1479 regem
545 1446 665 1477 regum,

328 1487 382 1526 qui
409 1494 523 1518 corona
547 1486 632 1516 vitae

278 1533 404 1566 Ditavit
428 1532 581 1565 Silvinum

324 1581 504 1622 praesulem
530 1588 631 1611 suum.

337 1702 698 1736 1111.Nocturno.

428 1776 626 1812 Antiphonae.

244 1872 251 1879 .
278 1845 412 1877 Sanctus
438 1845 570 1877 antistes
596 1843 735 1876 Silvinus

277 1894 315 1926 In
340 1893 455 1923 tellure
478 1892 637 1923 Tolosana

279 1940 381 1972 claris
408 1938 470 1970 fuit
493 1938 679 1978 parentibus

278 1987 436 2027 Legitime
460 1987 638 2026 generatus·

246 2070 254 2077 .
281 2043 345 2076 Sed
372 2051 441 2073 cum
468 2043 552 2073 esset
575 2040 628 2072 hic
653 2040 813 2080 sanguinis

279 2090 457 2123 Nobilitate
482 2087 680 2129 splendidus,

279 2137 444 2171 Adornari
469 2134 649 2175 concupivit

281 2184 466 2218 sanctitatis
492 2182 652 2223 operibus,

247 2266 253 2273 .
280 2242 364 2274 Nam
388 2244 425 2272 ut
449 2249 547 2272 annos
572 2237 736 2271 infantiles

280 2288 481 2329 Per-transiit,
505 2288 571 2327 J'am
596 2286 723 2319 adultus

280 2338 384 2371 Deum
411 2335 516 2376 coepit
540 2336 608 2366 tota
631 2336 736 2365 mente

281 2385 442 2419 Fideliter
468 2383 611 2423 diligere.

899 517 930 549 4.
950 516 1009 557 Qui
1034 516 1165 557 virginis
1189 518 1330 550 imitator

899 715 917 746 07(

955 562 1180 603 Evangelistae
1204 565 1369 605 Johannis,

957 611 1055 649 Quam
1080 620 1209 643 uxorem
1238 611 1451 652 desponsavit,

957 657 1093 697 Propter
1116 659 1218 691 Deum
1245 659 1422 699 dereliquit.

923 739 929 745 .
958 714 1036 747 Cum
1061 714 1162 748 beatis
1187 717 1302 748 mundo
1329 716 1424 748 corde

960 762 1066 801 Atque
1092 763 1186 794 castis
1210 764 1243 795 in
1268 771 1409 803 corpore,

959 808 1020 840 Hic
1041 810 1197 850 studebat,
1223 813 1259 842 ut
1282 811 1392 843 videre

957 854 1059 886 Deum
1083 860 1191 895 posset
1215 858 1283 889 sine
1306 856 1379 890 fine.

925 937 933 945 .
959 911 1029 943 Lux
1055 912 1162 944 divina
1185 913 1401 946 Thervanensi

959 958 1049 989 Tune
1072 959 1179 991 illuxit
1203 961 1333 1000 regioni,

962 1005 1038 1036 Cum
1064 1005 1201 1039 Silvinus
1226 1008 1275 1039 vir
1298 1007 1408 1039 beatus

961 1052 1042 1083 Illuc
1065 1054 1153 1085 venit
1179 1055 1363 1088 destinatus

1082 1126 1319 1163 Responsorium.

960 1185 1050 1217 Haee
1073 1185 1156 1217 inter
1177 1186 1302 1225 juvenis

1008 1233 1137 1264 tandem
1159 1233 1330 1272 desponsat
1346 1234 1510 1274 amantem,

962 1279 1015 1311 Sic
1038 1281 1197 1312 consultus
1222 1280 1260 1312 ab
1287 1281 1346 1318 his,

1010 1335 1086 1367 quos
1110 1330 1217 1367 patres
1243 1328 1376 1359 contulit
1399 1326 1496 1366 orbis,

924 1399 931 1406 .
962 1374 1112 1407 Obedivit
1136 1375 1180 1406 eis

1010 1430 1068 1461 pro
1095 1422 1197 1453 carnis
1220 1422 1290 1461 lege
1314 1420 1428 1454 fidelis,

1027 1516 1072 1547 In
1099 1518 1130 1548 2.
1156 1515 1383 1548 Nocturno.

1108 1580 1302 1616 Antiphonae.

929 1663 936 1671 .
963 1638 1022 1677 Qui
1047 1638 1199 1670 doctrinis
1224 1638 1344 1681 enituit,

962 1685 1089 1718 Enituit
1110 1689 1141 1717 et
1167 1686 1330 1726 exemplis,

963 1733 1046 1765 Nam
1069 1734 1152 1773 quod
1178 1742 1233 1765 ore
1256 1733 1465 1773 praedicavit,

962 1781 1003 1813 Id
1027 1789 1122 1820 opere
1148 1780 1353 1813 confirmavit.

930 1864 937 1871 .
962 1838 1014 1870 Ibi
1038 1837 1106 1870 Deo
1131 1838 1262 1870 multam
1286 1837 1409 1877 plebem

965 1885 1145 1925 Aequisivit
1168 1885 1395 1926 praedicando,

965 1932 1064 1971 Quam
1090 1936 1122 1964 et
1144 1933 1207 1973 ipsi
1233 1933 1463 1964 commendavit

966 1980 1170 2012 Obsecrando
1196 1982 1229 2011 et
1252 1980 1382 2012 orando.

964 2036 1153 2076 Hospitibus
1178 2039 1210 2068 et
1234 2036 1341 2076 egenis

965 2084 1139 2123 Tamquam
1165 2083 1290 2116 Christo
1315 2084 1475 2116 serviebat

966 2132 1073 2171 Atque
1096 2132 1141 2163 eis
1166 2133 1321 2171 oportuna

966 2178 1139 2211 Humiliter
1163 2178 1373 2210 ministrabat.

934 2261 942 2268 .
969 2235 1137 2268 Gladiator
1161 2235 1189 2267 si
1214 2235 1350 2275 adesset,

968 2283 1040 2315 Non
1065 2281 1190 2324 fugeret
1213 2283 1408 2326 martyrium,

968 2330 1032 2363 Sed
1055 2329 1183 2362 offerret
1205 2331 1367 2362 ultroneus

969 2378 1138 2418 Amputari
1163 2378 1248 2418 capit
1273 2387 1373 2412 suum.
