1650 2587
744 130 1000 165 —227—

658 222 703 253 86.
742 223 785 253 De
806 223 912 254 sancto
932 223 1086 255 samsone.

360 280 408 312 In
436 279 466 313 1.
491 280 600 320 Vesp
612 283 707 315 eris,

435 345 629 381 Antiphonae.

236 404 265 436 1.
293 403 470 437 Clementer
494 405 618 435 nostras

336 450 438 489 venia,
464 450 560 492 Deus,
586 450 680 483 ablue
705 453 822 495 culpas,

289 498 348 537 Qui
373 498 449 529 licet
471 497 593 537 indigni

338 544 469 576 colimus
494 545 647 576 solemnia
671 547 772 578 sancti

384 592 552 626 Samsonis.

229 650 260 682 2.
289 648 494 688 Contemptor
516 648 650 689 patriae,

334 696 519 736 generisque
547 696 718 737 domusque
734 698 839 736 pater-

612 751 683 787 nae,

289 790 408 822 Christi
435 790 608 830 discipulus

332 837 413 869 bene
433 837 587 877 praetulit
611 845 679 869 csse
703 837 815 869 beatus

380 884 523 918 Samson.

227 943 258 975 3.
284 941 524 980 Instructusque
548 940 638 972 brevi

333 988 437 1019 subito
462 989 634 1027 praecepta
658 987 801 1027 magistri

284 1035 454 1067 Praedicat
478 1034 623 1066 assiduus

330 1082 424 1113 simul
450 1083 482 1112 et
503 1080 657 1113 miracula
681 1083 808 1114 sanctus

376 1129 518 1161 Samson.

222 1187 254 1220 4.
280 1186 362 1218 Inde
385 1194 480 1217 manu
505 1185 594 1224 larga

329 1232 457 1264 Domini
482 1239 602 1263 merces
627 1232 783 1263 retributa

280 1280 373 1312 Ditat
394 1280 428 1311 in
453 1281 616 1310 aeternum

328 1329 459 1358 centeno
484 1334 614 1357 munere
638 1328 781 1358 sanctum

376 1375 568 1407 Samsonem.

221 1432 252 1464 5.
278 1431 365 1470 Ergo
390 1438 523 1469 precare
548 1429 633 1468 pium

327 1477 454 1509 famulis
479 1476 619 1508 adsitere
643 1477 762 1517 Jesum,

278 1525 338 1565 Qui
363 1528 418 1556 tua
442 1526 556 1557 devota

325 1572 520 1604 celebramus
545 1569 637 1610 festa,
665 1570 757 1602 beate

370 1619 511 1651 Samson.

395 1684 441 1711 Ad
460 1682 638 1719 Magnificat.

204 1734 246 1767 A.
279 1733 384 1767 Corde
409 1732 515 1764 devoti
540 1731 676 1764 Domino

274 1781 445 1813 Laetemur
469 1789 552 1811 nunc
578 1787 648 1811 cum
673 1780 799 1821 gaudio,

276 1828 480 1861 Celebrantes
506 1826 659 1859 solemnia

274 1874 384 1907 Sancti
409 1874 569 1906 Samsonis
594 1883 708 1915 annua,

273 1923 320 1956 Ut
345 1922 398 1962 qui
423 1921 569 1961 linquens
595 1930 673 1953 onus
699 1922 803 1954 carnis

273 1969 446 2009 Tripudiat
470 1977 540 1999 cum
565 1969 694 2010 angelis,

271 2017 351 2057 Ejus
377 2025 434 2048 nos
459 2015 608 2055 precibus
633 2016 778 2049 Christus

271 2065 436 2104 Adjungat
461 2063 540 2095 coeli
566 2062 696 2095 civibus.

334 2141 364 2173 A
376 2139 396 2172 d
425 2139 539 2171 Matu
551 2138 691 2171 tinum.

406 2195 623 2224 Invitatorium.

269 2247 410 2279 Aeterno
436 2244 504 2285 regi

313 2294 485 2334 jubilemus
510 2295 616 2325 mente
636 2293 752 2334 sagaci,

269 2343 420 2375 Sanctum
445 2340 627 2373 Samsonem

317 2389 371 2431 qui
398 2388 479 2421 coeli
503 2388 591 2421 vexit
616 2389 656 2421 ad
682 2397 798 2421 arcem.

1034 284 1079 315 In
1105 284 1136 317 1.
1162 284 1390 317 Nocturno.

1112 339 1310 375 Antiphonae.

916 387 946 420 1.
973 387 1105 419 Sanctus
1130 387 1260 419 Samson
1286 388 1438 420 vocabulo

971 434 1169 466 Praedicitur
1193 435 1233 466 ab
1259 436 1380 475 angelo,

970 481 1029 519 Qui
1053 482 1142 521 quasi
1165 482 1221 513 lux
1244 483 1278 514 in
1302 482 1441 514 tenebris

969 528 1052 560 Huic
1076 529 1192 561 mundo
1219 529 1340 561 enituit.

912 586 943 617 2.
968 584 1063 616 Hunc
1083 587 1231 624 parentes
1255 586 1417 618 literarum

968 631 1181 664 Tradideruat
1206 632 1328 675 studiis,

966 678 1038 710 Suis
1063 682 1182 719 septem
1206 680 1379 719 paraclitus

967 726 1064 765 Quem
1090 727 1220 759 donavit
1242 727 1366 759 muniis.

909 785 940 817 3.
965 783 1077 816 Elduti
1101 792 1176 815 vero
1198 783 1342 815 manibus

964 831 1047 862 Dum
1073 839 1092 862 a
1115 833 1217 862 matre
1239 831 1430 872 traderetur,

965 876 1169 910 Sacerdotem
1194 878 1417 910 Britannorum

964 924 1042 956 Mox
1074 925 1236 963 praedixit
1264 923 1334 956 fore
1357 934 1514 965 magnum.

1024 1000 1068 1032 In
1094 1001 1125 1034 2.
1152 1000 1380 1035 NocturnO.

1105 1060 1300 1095 Antiphonae.

906 1110 935 1142 1.
962 1109 1034 1151 Hic,
1059 1110 1171 1152 inquit,
1197 1114 1271 1151 post
1294 1114 1454 1152 apostolos

963 1156 1118 1198 Egregius
1141 1159 1353 1199 praedicator,

965 1204 1125 1243 Quidquid
1149 1214 1204 1237 ore
1230 1206 1381 1247 docuerit,

966 1251 1121 1290 Operibus
1145 1253 1335 1292 impleverit.

906 1308 937 1341 2,
963 1307 1087 1347 Vigiliis
1112 1309 1266 1349 assiduus,

962 1354 1054 1385 Licet
1078 1364 1154 1387 aevo
1180 1357 1378 1397 tenerrimus,

962 1400 1067 1433 Sacris
1091 1403 1234 1442 pollebat
1256 1404 1404 1445 moribus,

963 1448 1050 1480 Cibis
1074 1458 1189 1488 parcus
1217 1453 1249 1481 et
1272 1451 1410 1490 potibus.

906 1505 937 1537 3.
963 1504 1047 1536 Dum
1071 1506 1222 1546 magister
1245 1510 1459 1546 pertractaret

962 1551 1030 1583 Nec
1054 1554 1267 1591 quaestionem
1291 1555 1439 1595 solveret,

960 1600 1044 1631 Puer
1067 1599 1179 1632 bibens
1206 1601 1357 1633 divinitus

957 1646 1125 1679 Eructavit
1147 1648 1301 1687 protinus.

1096 1714 1301 1749 Responsoria.

900 1760 931 1793 1.
958 1760 1072 1792 Pastor
1095 1762 1237 1801 prudens
1264 1771 1303 1794 ex
1338 1767 1475 1803 ;uscepto

1006 1807 1147 1841 curiosus
1172 1818 1268 1841 onere

956 1855 1154 1888 Hortabatur
1178 1865 1305 1897 gregem
1329 1857 1391 1889 sibi

1005 1904 1201 1935 commissum
1227 1905 1376 1945 quotidie,

959 1949 1004 1982 Ut
1027 1953 1158 1989 pararet
1182 1951 1265 1983 viam
1289 1951 1357 1983 Deo

1004 1996 1144 2029 cordium
1168 1998 1201 2029 in
1226 1999 1336 2041 limite,

883 2045 921 2078 V.
952 2043 1050 2082 Quem
1073 2045 1225 2083 pascebat
1249 2054 1331 2085 pane
1356 2047 1440 2079 vitae
1465 2050 1496 2079 et

1001 2091 1092 2123 verbi
1116 2092 1177 2124 Dei
1201 2093 1329 2125 semine.

897 2151 928 2183 2.
954 2148 1035 2180 Erat
1059 2149 1140 2181 enim
1166 2148 1310 2189 pontifici

1001 2197 1093 2234 pater
1117 2197 1253 2228 Ammon
1278 2197 1412 2239 nomine,

954 2242 1135 2275 Dissolutus
1161 2244 1245 2275 omni
1269 2243 1338 2276 fere

1003 2289 1215 2323 membrorum
1240 2293 1433 2335 compagine,

955 2338 1052 2378 Quem
1078 2339 1127 2371 vir
1149 2341 1275 2371 sanctus
1300 2339 1372 2372 fusa
1395 2349 1491 2380 prece

1000 2384 1076 2417 fecit
1101 2388 1329 2420 convalescere.

1270 2440 1329 2471 15*
