1650 2587
724 122 978 159 —215—

273 216 470 258 Relinquunt
490 219 556 258 jam
582 221 774 259 exanimem3
894 231 924 263 5·
949 229 1064 262 Sancte
1088 229 1217 261 Privata
1242 228 1367 260 domine

273 264 356 297 Pace
381 263 467 297 facta
493 274 561 297 cum
587 267 707 299 civibus
949 275 1095 308 Defende
1118 285 1174 308 nos
1199 285 1218 308 a
1242 253 1376 307 orimine’

273 311 407 365 Hostilis
434 313 520 344 cedit
544 321 671 346 cuneus.
950 323 997 355 ῃ,
1018 331 1077 363 per
1100 326 1156 355 fua
1179 321 1331 362 suffragia
1372 299 1380 317 ⁷

204 357 240 390 V·
271 358 401 399 Egresffl
427 360 510 391 Cives
532 360 676 400 protinus
951 370 1111 403 vehamur
1134 370 1176 402 ad
1202 370 1361 404 coelestia.

273 405 378 438 Patris
403 407 572 439 volvuntur
596 408 738 447 genibuS,

273 451 399 485 Inflicta
423 453 566 486 lambunt
590 455 731 496 vulnera,

275 499 391 532 Oscula
417 500 494 532 dant
517 502 690 534 innumera.
1066 491 1111 518 Ad
1130 490 1312 519 Benedictus.

218 556 250 587 3.
275 556 371 588 Miles
398 556 514 589 Christi
539 558 719 601 laudabilis,
883 559 921 590 A.
950 559 988 591 Iu
1012 558 1137 591 laudem
1163 558 1243 591 tanti
1268 557 1415 597 martyris

274 602 433 643 Privatus,
460 607 582 645 martyr
606 605 732 646 nobilis,
954 606 1061 638 Tellus
1087 606 1222 637 exsultet
1246 608 1277 636 ct
1300 603 1433 644 gaudiis,

274 650 362 682 Inter
385 649 478 683 fletus
503 652 718 691 plangentium
953 653 1005 684 ‘De
1030 653 1117 691 cujus
1142 651 1277 684 transitu
1300 660 1392 683 sacro

277 698 373 729 Coelo
398 698 542 730 reddidit
565 699 720 739 spiritum,
956 701 1042 732 Coeli
1066 700 1203 731 laetatur
1228 699 1352 739 concio;

275 744 371 783 Quem
400 744 493 785 digne
518 745 575 777 sub
601 748 745 777 terrenea
955 747 1101 779 Privatus
1126 747 1208 778 enim
1230 746 1325 777 hodie

275 791 371 824 Plebs
396 792 543 831 sepelivit
568 790 676 833 fovea3
954 794 1059 825 Exuto
1086 794 1189 825 carnis
1215 801 1309 824 onere

205 838 245 871 V.
276 839 387 871 Carnis
413 839 533 871 solutus
559 839 692 872 vinculis
956 841 1132 881 Supernum
1157 841 1255 872 intrat
1278 840 1403 878 atrium,

277 885 462 918 Intercedat
484 895 543 926 pro
569 884 705 926 famulis,
955 888 1072 928 Magno
1099 887 1215 919 ditatus
1240 895 1369 918 munere

276 933 322 966 Ut
346 942 405 973 per
428 933 529 973 ipsius
554 933 668 964 merita
955 934 1124 974 Excipitur
1147 934 1186 965 ab
1212 934 1342 974 angelis,

275 980 454 1020 Regnemus
479 989 575 1020 super
599 980 716 1013 sidera.
956 981 1046 1013 Stola
1068 981 1200 1013 vestitus
1225 980 1353 1020 gloriae,

566 1063 573 1069 ,
959 1028 1080 1060 Corona
1104 1026 1209 1068 fulget
1233 1035 1339 1067 aurea,

370 1066 418 1097 ῙΠ
443 1062 670 1097 Landlbus·
956 1075 1042 1113 Quae
1066 1076 1114 1105 est
1137 1074 1260 1114 signum
1283 1072 1444 1105 victoriae.

420 1123 615 1159 Antiphonae.

222 1177 252 1210 1.
279 1177 409 1209 Festum
437 1177 520 1209 diem
545 1176 724 1215 recolimus,

277 1225 343 1264 Quo
367 1226 490 1264 martyr
513 1223 575 1256 Dei
599 1223 727 1254 inclitus
1020 1226 1067 1257 111
1092 1226 1123 1257 2,
1150 1223 1363 1263 vesperis,

276 1272 354 1304 Post
379 1272 536 1304 cruciatus
559 1270 699 1309 corporis

278 1319 471 1358 Coniunctus
497 1321 546 1350 est
570 1317 739 1349 coelicolis.
1075 1308 1119 1335 Ad
1138 1306 1319 1343 Magnifica.

219 1376 251 1408 2.
278 1375 338 1413 Qui
364 1376 438 1407 dum
460 1375 583 1407 viveret
606 1374 732 1405 saeculo
886 1387 928 1418 A·
958 1387 983 1419 Ο
1008 1386 1189 1419 venerande
1213 1383 1366 1425 Pontifex,

276 1422 345 1454 ΒΕΘ
371 1423 480 1474 gratus}
504 1424 536 1452 ³¹³
559 1421 687 1473 P⁰P¹¹,l⁰’
957 1434 1096 1475 Private‚
1122 1435 1214 1472 pater
1239 1431 1364 1472 clebris‚

276 1468 431 1501 Florebat
453 1477 521 1507 ejus
545 1470 708 1507 sanctitas,
957 1480 1107 1512 Famulos
1131 1482 1202 1512 mos
1228 1487 1302 1509 eme

279 1517 391 1549 Carnis
416 1518 449 1547 et
471 1514 585 1547 mentis
611 1514 775 1546 castitatis.
962 1531 991 1560 A
1015 1526 1124 1559 mundi
1148 1526 1239 1565 hujus
1264 1525 1404 1556 tenebris

218 1576 249 1608 3.
273 1573 386 1605 Gratia
409 1580 531 1604 morum
557 1571 720 1612 praeditus
957 1575 1146 1607 Nostrorum
1171 1574 1251 1604 enim
1277 1573 1450 1611 premimur

275 1621 422 1652 APVffl'UO
448 1618 510 1650 fnit
535 1618 649 1657 editus,
955 1621 1175 1654 Peccaminum
1200 1620 1390 1660 gravamine,

275 1668 425 1700 Privatus
448 1667 551 1698 dictus
576 1665 711 1703 nomine,
956 1669 1051 1703 Unde
1075 1671 1128 1699 tuo
1155 1667 1351 1707 deposcimus

275 1715 424 1748 Privatus
450 1716 576 1745 exstans
602 1720 708 1752 opere.
956 1715 1146 1755 suffragrari
1170 1714 1349 1754 munimine,

215 1775 247 1807 4.
276 1771 427 1804 Sermone
452 1770 576 1810 quidem
603 1769 747 1806 rutilans,
956 1763 1002 1796 Ut
1027 1771 1097 1795 cum
1121 1770 1272 1802 agnorum
1295 1759 1393 1792 fuerit

277 1820 364 1852 Voce
387 1818 454 1851 vita
477 1826 540 1849 non
566 1817 761 1856 discrepans,
957 1811 1008 1842 Ab
1034 1810 1144 1842 hoedis
1169 1808 1339 1849 separatio,

277 1866 375 1899 Caute
398 1865 530 1905 regebat
554 1863 697 1896 subditos
957 1858 1023 1890 Nos
1050 1857 1184 1890 adunari
1209 1855 1307 1887 facias

275 1915 376 1946 Actus
401 1910 529 1944 frenans
553 1911 693 1943 illicitos.
955 1906 1124 1937 Beatorum
1150 1902 1291 1943 collegio.

279 1980 366 2006 Brev.
387 1986 440 2006 ms.
461 1977 617 2004 Aniciense
637 1984 712 2003 saec.
733 1972 778 2002 15.
802 1974 872 2002 Οοᾰ.
891 1972 1019 2000 Parisin.
1040 1968 1123 1998 1504.
1143 1969 1177 1996 A.
1198 1982 1235 1987 ——
1254 1968 1339 1995 Brev.
1360 1975 1412 1994 ms.
1436 1967 1509 1994 Ani—

205 2021 304 2047 ciense
326 2025 402 2044 saec.
429 2013 472 2042 15.
495 2014 563 2042 Cod.
583 2014 708 2041 Parisin.
728 2010 850 2047 (Arsen.)
871 2009 936 2039 277.
957 2010 989 2037 B.
1017 2025 1053 2029 —
1078 2007 1163 2034 Brev.
1184 2014 1237 2033 ms.
1258 2005 1414 2032 Aniciensc
1434 2012 1509 2032 saec.

206 2055 251 2085 15.
277 2054 348 2083 Cod.
377 2054 470 2088 Capit.
496 2052 627 2080 Anicien.
655 2060 677 2078 s.
703 2060 732 2078 n.
757 2050 787 2077 O.
813 2064 849 2069 —
876 2047 1084 2084 Apographum
1103 2043 1330 2072 Bollandianum
1348 2043 1385 2070 D.
1412 2056 1450 2060 ·—
1474 2043 1510 2070 In

207 2094 232 2124 1.
251 2094 342 2129 Vesp.
364 2092 401 2119 ad
418 2091 518 2127 Magn.
540 2088 572 2122 A,
592 2087 611 2115 2
632 2089 753 2125 Agimus
773 2089 806 2115 B.
830 2103 868 2108 ——
888 2085 963 2115 Ibid.
983 2082 1001 2112 3
1020 2084 1114 2112 sancti
1134 2082 1247 2110 Privati
1263 2080 1318 2108 BC.
1338 2095 1377 2099 -
1395 2079 1470 2107 Ibid.
1491 2079 1508 2107 5

206 2132 288 2167 cujus
309 2132 343 2159 B.
371 2145 407 2150 -ψ-
425 2128 501 2156 Ibid.
520 2125 540 2156 8
559 2127 687 2154 exsultat
705 2127 740 2154 A.
759 2140 795 2144 —
815 2126 903 2154 Invit-
922 2121 940 2150 2
959 2122 1076 2150 Laudes
1096 2120 1176 2148 fehlt.
1195 2121 1230 2147 A.
1252 2134 1291 2138 —
1308 2118 1384 2146 Ibid.
1403 2116 1423 2144 4
1442 2117 1511 2144 feeit

205 2170 369 2208 principem
389 2167 426 2200 C,
452 2166 523 2194 fecit
541 2169 571 2194 et
588 2166 749 2201 principem
769 2164 803 2191 A.
831 2179 867 2183 -—
892 2162 928 2191 1n
950 2159 973 2188 1.
994 2161 1078 2189 Noct.
1099 2157 1121 2185 A
1150 2156 1179 2192 1,
1209 2156 1222 2185 1
1243 2157 1380 2184 Memmio
1400 2155 1511 2183 Romae

207 2208 328 2237 consule
347 2207 384 2234 D.
405 2219 441 2224 -—
463 2203 485 2230 A
508 2202 531 2238 1,
552 2201 573 2231 4
592 2201 732 2230 Galianus
751 2202 786 2229 A.
807 2217 844 2223 —
865 2199 887 2228 A
908 2197 934 2233 3,
960 2197 975 2226 1
997 2196 1136 2225 Oustodee
1159 2197 1214 2223 Dei
1233 2194 1266 2228 B,
1287 2195 1409 2230 cupiunt
1422 2192 1452 2220 Ο.
1474 2208 1510 2212 -

205 2246 228 2275 Α
249 2244 275 2281 3,
297 2243 314 2272 2
334 2245 445 2280 Raptos
459 2241 495 2269 A.
515 2258 554 2262 —
576 2238 596 2267 R
613 2239 636 2275 1,
657 2239 677 2268 4
734 2248 815 2268 amus
834 2238 979 2267 mentibus
994 2236 1028 2264 A.
1053 2249 1089 2254 —-
1111 2232 1131 2260 R
1147 2233 1171 2268 1,
1193 2232 1210 2261 5
1227 2240 1269 2268 sq.
1283 2232 1380 2259 fehlen
1393 2231 1452 2258 AB.
1476 2246 1511 2251 —

206 2284 226 2312 R
247 2283 275 2319 4,
297 2282 313 2311 9
335 2279 478 2310 Studebat
496 2280 570 2307 fehlt
588 2279 622 2306 A.
650 2249 734 2306 -Ἕ
755 2276 781 2311 2,
802 2276 820 2306 3
836 2276 947 2314 jejunio
968 2274 1003 2302 A.
1027 2288 1060 2293 -
1087 2270 1107 2298 Β
1128 2270 1154 2306 2,
1175 2270 1194 2299 4
1213 2270 1381 2299 solemniter
1400 2270 1443 2304 A3
1465 2279 1510 2297 so-

206 2323 313 2352 lemnis
334 2322 367 2349 B.
392 2334 429 2340 -—-
458 2316 478 2344 R
500 2316 525 2352 2,
547 2317 564 2345 7
586 2316 761 2353 Colloquens
778 2316 813 2344 A.
834 2332 872 2336 —
893 2311 913 2341 R
935 2311 960 2348 2,
982 2310 1000 2340 8
1019 2313 1090 2341 Vita
1110 2310 1182 2338 fehlt
1199 2310 1234 2337 A.
1256 2323 1294 2327 —
1314 2306 1336 2335 R
1356 2306 1383 2342 3,
1405 2305 1420 2334 1
1439 2308 1512 2336 Ere-

206 2370 287 2390 mum
307 2359 465 2387 transierat
483 2357 519 2384 A.
547 2371 582 2376 -—
611 2352 631 2381 R
652 2353 678 2389 3,
699 2353 717 2382 2
738 2354 822 2389 Quod
840 2354 923 2390 plebs
945 2350 1008 2387 A03
1033 2351 1148 2378 obstate.
1166 2348 1202 2383 A,
1225 2347 1346 2374 obcessa
1366 2346 1396 2374 O.
1425 2360 1463 2364 —
1490 2344 1511 2372 R

205 2399 231 2436 3,
251 2398 271 2428 4
294 2399 373 2433 Quos
394 2396 429 2424 A.
457 2409 494 2413 —
521 2394 557 2422 In
577 2391 603 2420 2.
623 2394 708 2422 Noct.
729 2390 752 2421 Α
774 2391 800 2426 1,
822 2390 837 2420 1
857 2390 1035 2419 Laurentius
1054 2387 1170 2423 quidem
1191 2387 1227 2414 D.
1254 2400 1286 2404 —
1312 2383 1333 2411 A
1356 2383 1380 2420 1,
1399 2382 1420 2411 4
1438 2384 1513 2412 Sunt
