1650 2587
694 84 929 120 -95-.

599 176 646 208 35.
686 176 729 208 De
749 177 858 210 sancto
879 180 1012 218 Hugone.

295 244 340 276 In
362 246 393 279 1.
414 246 634 286 vesperis,

374 311 568 347 Antiphonae.

174 371 204 403 1.
233 370 349 411 Pange,
375 370 483 411 lingua
505 371 739 411 monachorum,

231 417 325 449 Diem
349 416 465 450 festum
490 418 677 459 gaudiorum

279 465 392 505 Dignis
417 466 485 497 cole
509 465 667 507 laudibus,

234 512 300 551 Quo
325 512 475 545 virtutum
500 521 556 545 vas
580 513 730 545 decorum

232 558 351 599 Fulget
368 559 471 600 fingo,
490 560 642 600 splendor
654 569 785 599 morum,

283 606 392 639 Bonae
416 607 517 639 Vallis
542 605 705 640 fratribus.

178 674 208 705 2.
236 673 261 705 O
285 682 377 712 quam
404 673 499 714 digna

285 721 371 752 coelo
395 720 555 762 nativitas,

237 768 336 807 Quam
360 768 527 807 praeclara

283 815 401 847 mundo
422 814 618 855 solemnitas,

236 860 288 893 Ex
313 870 374 901 qua
398 864 525 894 nostrae

285 909 378 940 vallis
403 908 563 940 humilitas

238 954 402 987 Gloriatur
428 957 459 986 et
483 958 614 987 ornatur

285 1003 467 1043 angelorum
491 1002 635 1036 societas,

181 1069 212 1100 3.
239 1067 327 1100 Haec
337 1070 385 1099 est
392 1068 485 1099 vallis
496 1068 574 1101 dans
584 1066 784 1107 frumentum,

237 1115 421 1147 sanctitatis
447 1115 630 1146 alimentum

286 1162 474 1194 Ministrans
499 1162 657 1200 fidelibus,

237 1208 308 1241 Hoc
331 1209 503 1249 splendore
526 1207 756 1241 firmamentum

237 1255 389 1288 Nostrum
417 1257 502 1296 capit
525 1256 752 1288 incrementum

284 1302 388 1344 Signis
415 1305 446 1334 et
469 1303 649 1338 virtutibus,

178 1371 210 1401 4.
236 1369 302 1401 Dat
320 1369 487 1410 Hugonem
503 1368 627 1401 Novum
645 1368 789 1402 Castrum

285 1416 405 1449 Castris
429 1416 490 1447 Dei
514 1416 663 1456 pugilem,

236 1463 334 1502 Quem
354 1464 512 1503 praeclari
536 1464 623 1495 velut
646 1465 764 1495 astrum

283 1510 370 1542 Dant
393 1513 542 1549 parentes
566 1510 713 1550 nobilem,

236 1559 345 1590 Bonae
369 1557 462 1590 vallis
486 1566 599 1597 regens
617 1559 787 1590 claustrum

280 1605 399 1645 Legem
425 1604 518 1636 docet
541 1605 701 1643 humilem,

235 1652 332 1684 Suum
356 1651 493 1684 fundens
518 1651 733 1684 alabaustrum

280 1699 403 1732 Reddit
428 1707 496 1731 eam
521 1697 668 1731 fertilem.

176 1768 207 1800 5.
236 1766 313 1799 Cum
337 1767 473 1806 invocat,
502 1766 634 1798 coelitus

282 1814 391 1847 Justus
417 1814 595 1853 exauditur,

233 1861 388 1895 Procellis
418 1862 580 1901 expositus

281 1909 364 1941 Pace
389 1908 560 1941 stabilitur.

163 1966 202 1999 R.
228 1966 405 1999 Benedicta
428 1965 511 1997 bona
535 1965 648 2008 Vallis,

236 2014 323 2053 Quae
346 2012 505 2053 serpentis
529 2014 630 2045 artem
654 2010 741 2043 fallis

282 2059 439 2092 Bonitatis
465 2059 577 2100 grat-ia,

234 2109 271 2141 In
297 2110 330 2139 te
354 2106 454 2147 fulget
480 2108 564 2140 vitae
589 2107 687 2146 callis,

235 2156 370 2188 Sanctus
393 2154 499 2196 Hugo,
527 2154 576 2186 cui
601 2154 712 2194 psallis

281 2203 405 2236 Devote
426 2201 609 2243 praeconia,

161 2252 201 2284 V.
235 2251 412 2284 Pretiosum
438 2259 494 2282 vas
517 2250 688 2291 crystallis,

236 2301 335 2338 Auro,
361 2298 493 2338 gemmis
519 2299 550 2329 et
574 2297 710 2328 metallis

280 2345 432 2386 Refulget
458 2346 490 2376 in
516 2344 626 2385 gloria.

860 1315 890 1348 1.

1026 247 1071 276 Ad
1090 247 1270 284 Magnificat.

839 296 879 329 A.
906 296 931 328 Ο
957 305 1079 336 gemma
1104 297 1297 337 carbunculi,

957 344 1044 376 Auro
1069 342 1155 377 fulvo
1179 344 1299 376 lumine

1006 391 1140 424 Circiter
1163 394 1283 432 ornata,

909 437 1059 471 Coelestis
1085 439 1205 471 oraculi

958 486 1057 518 Plena
1080 486 1293 518 sanctitudine

1004 534 1092 566 Arca
1115 532 1281 574 fabricata,

914 579 1009 612 Sume
1029 588 1140 620 preces
1164 580 1312 621 filiorum,

961 625 1060 660 Pater
1083 627 1176 669 Hugo

961 674 1006 705 Et
1031 674 1070 706 <le
1092 675 1166 715 jugo

915 719 1032 753 Libera
1053 722 1216 755 malorum.

975 806 1036 838 Ad
1060 806 1327 839 Matutinum.

1052 871 1266 899 Invitatorium.

913 927 1115 960 Exsultemus
1141 929 1266 963 Christo
1289 928 1355 968 regi

962 975 1117 1008 Canentes
1142 977 1321 1018 praeconia,

962 1022 1021 1061 Qui
1044 1021 1188 1062 Hugonis
1212 1024 1317 1062 gratia

960 1068 1057 1109 vigili
1083 1069 1227 1102 custodia

916 1115 1029 1148 Pastor
1053 1115 1145 1148 adest
1169 1119 1278 1148 nostro
1301 1116 1396 1156 gregi.

973 1201 1017 1232 In
1043 1200 1073 1235 1.
1099 1201 1329 1234 Nocturno.

1059 1264 1251 1302 Antiphonae.

915 1313 1031 1346 Beatus
1055 1314 1106 1346 vir

963 1361 1015 1392 hic
1039 1363 1176 1404 sanctus,
1201 1360 1344 1400 Domine.

916 1408 963 1440 Te
988 1409 1126 1440 delectat

963 1455 1115 1486 virtutum
1141 1455 1289 1496 germine,

918 1502 1090 1542 Tamquam
1114 1502 1234 1542 lignum

964 1557 1002 1580 ex
1026 1549 1104 1589 legis
1130 1548 1257 1582 semine.

884 1629 890 1636 .
917 1604 1021 1643 Quare
1044 1605 1172 1639 Christo
1195 1605 1410 1644 praedilectus

962 1651 1065 1684 Filius
1090 1656 1219 1685 vocatus

916 1698 969 1731 Sic
993 1699 1116 1732 exstitit
1137 1708 1263 1739 semper
1287 1701 1393 1732 rectus

914 1746 960 1779 Et
982 1747 1142 1787 subjectus

962 1794 1030 1826 Deo
1056 1794 1106 1827 vir
1130 1794 1251 1827 beatus.

880 1875 887 1883 .
914 1850 1041 1883 Exaudi
1064 1860 1123 1891 pro
1149 1851 1235 1892 filiis,

963 1897 1060 1940 Deus,
1088 1899 1321 1939 deprecantem,

916 1945 1014 1983 Quem
1038 1945 1191 1979 virtutum
1216 1947 1315 1978 radiis

963 1992 1057 2026 Facis
1083 1996 1328 2026 corruscantem.

1055 2058 1261 2094 Responsoria.

882 2132 890 2140 .
918 2106 1042 2139 Primus
1068 2107 1146 2139 ordo
1170 2106 1368 2139 fundamenti

965 2154 1108 2194 Jaspidis
1132 2154 1259 2194 positio,

917 2201 1000 2234 Novi
1026 2210 1154 2243 germen
1179 2202 1365 2235 incrementi

965 2248 1117 2281 Coelestis
1141 2249 1297 2289 praelatio

918 2295 979 2328 Est
1000 2297 1143 2337 Hugonis
1168 2296 1241 2337 piae
1266 2298 1365 2330 menti

966 2344 1099 2377 Festina
1125 2345 1296 2387 conversio,
