1650 2587
707 131 939 167 —35-

298 220 401 262 Super
426 233 483 256 nos
507 226 542 256 tu
566 233 651 264 rora,

250 267 365 307 Sponsi
391 270 464 302 dum
491 273 578 312 capis
603 274 711 305 oscula

249 315 286 346 In
310 316 503 356 sempiterna
526 321 662 358 saecula,

297 363 360 395 Pro
385 365 477 397 nobis
503 375 607 399 exora.

311 476 374 507 Ad
398 476 665 511 Matutinum.

382 550 597 581 Invitatorium.

247 616 365 658 Jesum,
392 627 541 657 sponsum
566 621 738 663 Barbarae,

248 664 285 696 In
312 665 440 698 coelesti
462 667 576 706 jubare

296 712 411 743 Venite
435 714 611 747 adoremus,

314 825 358 856 In
387 825 416 858 1.
444 826 498 858 No
509 830 630 859 cturn
643 837 670 859 ο.

391 900 585 937 Antiphonae.

194 966 225 999 1.
251 966 355 997 Mirae
377 968 499 1005 prolem
523 968 641 999 indolis

294 1012 447 1046 Dioscoro
472 1017 586 1046 natura

248 1059 410 1100 Providet,
437 1062 494 1093 sed
518 1062 615 1093 idolis

292 1105 440 1139 Profanis
465 1107 557 1140 offert
580 1109 684 1142 thura.

186 1174 216 1204 2.
243 1172 400 1212 Impensis
426 1182 464 1205 ac
485 1174 655 1213 praesidiis

293 1220 438 1252 Paternis
463 1222 560 1252 turris
587 1222 743 1262 conditur,

246 1266 311 1299 Ubi
335 1267 442 1306 proles
466 1268 592 1300 insidiis

289 1313 445 1346 Virilibus
470 1315 686 1347 absconditur.

186 1381 218 1412 3.
247 1378 323 1410 Cum
347 1377 432 1411 filiae
453 1381 607 1413 nobilium

289 1426 423 1457 Amores
449 1430 542 1467 pater
565 1428 678 1467 innuit,

241 1472 320 1504 Mox
344 1474 480 1511 provida
505 1475 682 1514 conjugium

293 1520 334 1552 Se
359 1519 485 1553 Christo
509 1530 628 1554 vovens
652 1523 766 1554 renuit.

378 1594 585 1631 Responsoria.

183 1656 215 1688 1.
241 1653 326 1686 Hinc
350 1652 513 1692 profectus
536 1654 577 1685 ad
603 1657 713 1686 extera

241 1702 339 1734 Pater
363 1701 460 1732 turris
486 1708 584 1741 opera

285 1747 423 1779 Mandat
445 1748 639 1789 architectis,

237 1795 336 1835 Virgo
362 1794 529 1828 descendit
552 1796 706 1837 Barbara,

242 1842 410 1882 Complens
437 1846 468 1874 et
492 1852 609 1875 ornans
634 1853 733 1884 opera

287 1889 396 1922 Rebus
416 1891 554 1922 nondum
581 1890 753 1933 perfectis,

167 1939 205 1971 V.
236 1938 289 1969 Ad
315 1937 465 1969 honorem
489 1938 643 1971 trinitatis

284 1984 382 2016 Jubet
405 1983 467 2016 Dei
490 1986 611 2026 nuntia,

238 2031 284 2064 Ut
308 2030 456 2063 fenestris
477 2033 544 2071 jam
569 2034 690 2073 paratis

286 2079 376 2111 Binis
399 2079 485 2110 adsit
509 2082 614 2113 tertia.

179 2150 210 2180 2.
237 2146 335 2186 Ecce,
361 2143 482 2177 factum
506 2146 601 2179 laude
627 2148 764 2188 dignum,

239 2192 449 2226 Indelendum
477 2194 578 2225 crucis
603 2195 725 2235 signum

282 2241 462 2273 Marmoreo
487 2241 520 2273 in
544 2242 634 2274 silice

234 2291 359 2330 Sponsa
385 2286 503 2320 Christi
527 2289 705 2331 benedicta,

235 2336 330 2371 Omni
355 2343 477 2368 morum
503 2337 575 2368 luce
598 2338 695 2380 picta,

282 2384 415 2417 Sacrate
438 2385 574 2425 sculpsit
595 2386 730 2427 pollice;

858 228 894 262 V.
926 228 1108 262 Laudantes
1132 231 1317 263 miraculum

976 276 1078 309 Corde
1103 281 1175 310 sunt
1200 279 1388 318 compuncti,

928 324 998 356 Hoc
1024 325 1126 357 crucis
1148 326 1342 366 signaculum

975 372 1137 404 Intuentes
1163 373 1276 407 cuncti.

871 428 901 460 3.
928 428 966 460 In
990 427 1134 461 Barbara
1158 438 1231 470 spes
1256 430 1360 461 solida

975 474 1033 514 Sit,
1068 475 1094 506 si
1119 485 1210 516 quem
1236 476 1326 508 dolor
1347 476 1475 516 ingruit,

928 520 1010 553 Nam
1034 522 1185 555 salvatori
1209 523 1328 563 placita

975 568 1061 601 Pede
1084 568 1217 610 figuram
1239 570 1394 610 imprimit

928 615 964 646 ln
992 616 1100 647 domus
1125 626 1199 649 suae
1223 617 1345 656 absida,

974 663 1189 702 Quaemorbos
1195 673 1306 705 graves
1312 665 1458 704 reprimit
1469 675 1477 707 3

889 732 896 741 .
928 708 981 740 Sic
1004 710 1170 749 probatica
1192 712 1316 751 piscina

976 757 1061 789 Siloe
1084 759 1242 790 natatoria

928 802 1103 843 Languidis
1129 808 1177 837 est
1199 806 1358 838 medicina

976 850 1021 881 Et
1043 853 1143 889 pestis
1168 853 1362 893 purgatoria.

990 954 1035 985 In
1061 956 1092 987 2.
1118 955 1344 989 Nocturno.

1072 1027 1248 1064 Antsphona«
1260 1050 1266 1056 .

895 1122 901 1126 .
927 1093 992 1126 Ubi
1016 1094 1105 1134 virgo
1130 1096 1293 1136 baptizata

974 1141 1037 1173 Per
1060 1143 1206 1181 spiritum
1230 1146 1415 1183 renascitur,

926 1187 971 1219 Et
994 1188 1164 1228 baptistam
1187 1191 1312 1222 imitata

972 1235 1072 1267 Melle
1096 1238 1236 1269 silvestri
1259 1238 1412 1277 pascitur.

894 1318 901 1325 .
928 1291 1024 1323 Alma
1044 1293 1214 1325 Dominum
1238 1294 1350 1326 induta

972 1340 1074 1371 Facta
1105 1339 1231 1373 fervens
1263 1341 1462 1383 Christicola‚

926 1386 1051 1417 Turrim
1077 1388 1159 1419 arcis
1184 1388 1311 1420 scandit
1330 1391 1402 1420 tuta

971 1433 1077 1464 Patris
1102 1443 1218 1473 spuens
1242 1435 1340 1468 idola.

892 1515 899 1522 .
925 1487 1027 1520 Lente
1051 1490 1136 1522 redit
1160 1494 1192 1522 et
1216 1492 1367 1530 proponit

969 1535 1019 1567 De
1043 1534 1192 1569 fenestris
1215 1539 1427 1578 quaestionem

924 1583 1029 1625 Pater,
1055 1592 1148 1623 quam
1175 1585 1299 1617 doctrix
1324 1587 1452 1626 exponit

970 1631 1066 1662 Fidei
1092 1632 1169 1664 dans
1195 1632 1359 1665 rationem.

1058 1705 1265 1742 Responsoria.

886 1787 894 1795 .
920 1761 1023 1794 Exlex
1044 1767 1175 1802 paratus
1200 1765 1313 1797 sceleri

968 1809 1085 1842 Natam
1110 1814 1213 1844 tentat
1237 1813 1394 1852 occidere,

920 1857 1050 1889 Incessu
1074 1859 1163 1900 virgo
1190 1860 1287 1891 celeri

967 1906 1045 1937 Mox
1079 1907 1184 1938 evolat
1214 1916 1284 1939 cum
1308 1917 1465 1941 marmore

921 1951 984 1984 Sed
1003 1952 1087 1984 hanc
1108 1954 1212 1994 gregis
1236 1955 1370 1995 lanigeri

967 2000 1081 2031 Pastor
1112 2010 1175 2033 non
1203 2002 1296 2033 timet
1319 2003 1475 2044 prodere;

1469 1936 1476 1952 5

881 2072 888 2079 .
921 2046 1073 2078 Vindicat
1095 2048 1157 2080 hoc
1182 2049 1328 2080 conditor

968 2094 1134 2127 Puniendo
1156 2096 1252 2136 Juste,

921 2140 1003 2172 Nam
1029 2150 1168 2173 marmor
1190 2141 1228 2174 fit
1251 2143 1398 2182 proditor

968 2188 1112 2228 Ovesque
1135 2190 1287 2224 locustae.

886 2272 893 2279 .
920 2245 1025 2278 Patris
1049 2245 1083 2276 in
1107 2246 1230 2287 prolem
1253 2245 1381 2288 flagella

966 2292 1119 2325 Saeviunt
1141 2294 1326 2336 asperrima,

918 2340 1130 2380 Flagellatam
1154 2342 1268 2374 stricta
1294 2344 1374 2375 cella

966 2388 1096 2421 Claudit
1121 2392 1154 2421 et
1177 2391 1364 2433 asperrima,

1259 2444 1303 2473 3*
