1651 2588
773 125 1019 163 -242—

263 225 293 256 3.
321 223 455 255 Sanctus
481 224 613 256 Samson
638 220 812 264 baptizanti

318 270 464 303 Chrisma
489 274 586 313 vetat,
612 271 669 302 scd
694 271 811 302 vetanti

315 317 399 349 Dum
425 318 571 350 clarescit
594 320 682 350 tanto
707 318 786 349 tanti

319 364 436 396 Sancta
460 369 568 397 sancto
593 365 660 396 vita
681 364 792 407 sancti,

320 412 428 444 Currit
450 413 579 451 plorans
605 415 635 443 et
660 412 819 451 implorat,

317 459 364 491 Ut
387 458 528 498 baptizet
553 463 593 501 et,
622 460 694 491 dum
720 459 836 498 plorat,

318 505 451 537 Sanctus
477 507 561 538 cedit
585 506 786 545 imploranti3

246 553 284 585 V.
315 553 339 584 O
366 561 453 583 mens
477 563 540 585 una
563 554 772 592 sacerdotum,

312 598 383 630 Non
410 608 463 630 cor
489 601 608 632 discors
634 600 691 631 sed
709 600 863 642 devotum,

316 646 404 677 Idem
431 647 522 685 velle,
547 647 631 679 idem
655 651 772 685 votum,

317 692 406 731 Quod
430 694 497 725 vult
511 694 575 735 ille,
602 694 670 726 vult
686 693 738 725 hic
755 696 866 726 totum.

410 805 456 837 111
481 806 708 838 Laudibus.

457 878 649 914 Antiphonae.

264 936 294 968 1.
322 935 432 967 Virum
455 936 551 968 lauda
575 937 701 976 dignum
727 936 820 967 laude

319 982 364 1014 Et
386 982 544 1015 laudando
567 983 668 1015 virum
693 983 818 1022 plaude,

365 1028 561 1060 Redonensis
586 1030 706 1067 civitas,

318 1074 423 1113 Digna
446 1076 551 1108 virum
576 1076 643 1106 cole
668 1084 751 1113 cura,

323 1120 416 1159 Cujus
440 1120 499 1152 tibi
523 1122 685 1161 sepultura

367 1166 476 1198 Honor
498 1171 547 1198 est
570 1170 602 1199 et
627 1168 772 1207 dignitas.

266 1224 296 1254 2.
321 1221 494 1254 Jubilemus
518 1223 662 1263 Domino,

321 1268 399 1307 Regi
424 1269 491 1300 sine
514 1270 656 1308 termino,

368 1314 412 1347 Ut,
438 1315 485 1346 sic
507 1317 540 1347 in
564 1317 686 1347 laetitia

322 1362 395 1392 Cum
424 1361 531 1393 Sulino
556 1363 663 1394 vivere

321 1408 480 1440 Possimus
506 1412 538 1439 et
560 1409 696 1448 psallere

370 1455 407 1486 In
433 1455 561 1486 coelesti
584 1455 693 1494 gloria.

266 1512 296 1543 3.
323 1510 448 1541 Sulinus
471 1511 594 1551 egregie

368 1556 518 1596 Vigilavit
542 1557 674 1596 sobrius,

323 1603 368 1636 Ut
390 1603 523 1636 vivendo
548 1604 653 1635 sobrie

368 1649 527 1689 Regnaret
551 1650 701 1690 egregius,

321 1695 400 1734 Ejus
424 1701 531 1728 nostra
554 1697 665 1728 merito

372 1742 593 1775 condonentur
619 1743 735 1782 debita,

326 1787 388 1819 Sua
412 1797 502 1828 quem
526 1799 583 1829 pro
608 1790 713 1821 debito

370 1835 463 1866 Nunc
488 1839 638 1868 coronant
661 1836 781 1869 merita.

268 1893 298 1924 4.
325 1891 494 1923 Benedixit
516 1892 667 1924 Dominus

370 1936 587 1970 Confessorem
613 1939 764 1981 Sanum,

322 1985 366 2016 Et„
391 1984 549 2017 confessor
574 1986 698 2018 Sulinus

369 2031 537 2064 Benedixit
559 2033 736 2074 Dominum,

995 222 1058 254 Hic
1084 222 1229 254 donando
1255 221 1386 262 gratiam

1043 269 1136 308 Spem
1161 269 1307 308 promisit
1330 269 1450 308 veniae,

994 316 1058 347 Hic
1078 316 1200 348 invenit
1224 315 1346 346 veniam

1041 362 1248 402 Obsequendo
1272 362 1401 403 gratiae.

960 465 968 472 .
994 438 1107 469 Laude
1131 436 1299 480 frequenti,

995 485 1138 517 Gonsona
1162 485 1260 515 menti

1040 531 1165 572 Lingua
1187 540 1359 571 manusque

995 578 1141 611 Carmina
1166 578 1268 618 dignis

994 626 1171 665 Concrepet
1194 625 1327 665 hymnis,

1039 672 1105 711 Quo
1129 673 1215 704 valet
1237 680 1345 712 usque,

993 719 1047 751 Ad
1070 720 1172 759 patris
1197 719 1298 758 hujus,

993 766 1111 798 Debita
1135 767 1222 805 cujus

1040 814 1138 845 Festa
1163 814 1317 856 coluntur,

996 859 1089 892 Cedit
1112 860 1271 900 honorem,

994 906 1028 938 Si
1051 916 1110 946 per
1133 916 1271 938 amorem

1039 954 1140 986 Laeta
1165 957 1326 987 canuntur.

1105 1073 1150 1100 Ad
1169 1073 1352 1100 Benedictus.

954 1174 961 1182 .
992 1147 1105 1180 Servos
1130 1158 1186 1180 nos
1211 1149 1298 1188 sequi
1323 1149 1491 1181 Dominum

1039 1195 1165 1228 Sulinus
1190 1195 1286 1227 abbas
1313 1196 1419 1227 docuit

991 1241 1036 1273 Et
1059 1245 1176 1273 terram
1202 1243 1306 1273 cordis
1330 1243 1489 1275 hominum

1039 1290 1157 1320 Aratro
1182 1288 1271 1320 verbi
1296 1290 1401 1331 coluit,

999 1334 1110 1366 Semen
1135 1344 1242 1367 serens
1266 1336 1456 1368 Davidicum

1041 1382 1179 1413 Messem
1205 1381 1290 1423 fecit,
1317 1392 1410 1423 quam
1434 1385 1544 1418 voluit.

1068 1542 1113 1573 In
1140 1543 1170 1574 2.
1201 1542 1304 1582 Vesp
1317 1543 1411 1574 eris.

1112 1633 1158 1660 Ad
1176 1634 1355 1669 Magnificat.

959 1732 966 1739 .
996 1708 1020 1739 O
1047 1707 1164 1749 Saline,
1190 1712 1291 1748 pater,
1318 1720 1386 1749 avc,

993 1754 1119 1786 Exaudi
1143 1764 1209 1798 1105,
1233 1756 1323 1788 nobis
1351 1757 1432 1798 fave,

994 1800 1086 1832 Educ
1110 1811 1166 1833 1105
1197 1803 1237 1834 de
1260 1805 1369 1836 mundi
1394 1815 1476 1838 nave

1040 1848 1094 1879 Ad
1118 1849 1231 1888 quietis
1256 1850 1359 1893 litora,

996 1894 1059 1926 Ubi
1083 1895 1167 1927 salus
1191 1896 1259 1928 sine
1283 1898 1359 1933 salo,

995 1941 1059 1972 Ubi
1083 1943 1181 1974 malus
1206 1944 1275 1975 sine
1298 1946 1391 1986 malo,

998 1988 1065 2019 Nee
1089 1992 1135 2020 est
1160 1991 1251 2029 palus
1276 2001 1335 2023 nec
1358 1993 1390 2024 in
1415 1995 1489 2034 palo

1042 2035 1207 2076 Religatur
1229 2039 1376 2072 anchora.

325 2114 409 2141 Brev.
429 2123 481 2142 ms.
495 2115 666 2160 Redonense
696 2124 758 2143 aee.
782 2114 824 2143 15.
840 2116 908 2144 Cod.
922 2118 1054 2145 Vatican.
1073 2119 1208 2148 Ottobon.
1223 2120 1287 2150 543.
1308 2139 1344 2144 —
1363 2126 1399 2152 In
1414 2124 1439 2152 1.
1453 2127 1541 2162 Vesp-

251 2151 332 2178 Pros.
351 2150 385 2178 12
404 2154 489 2180 natus
508 2162 560 2189 pro
580 2153 650 2181 fiho-
670 2170 706 2174 ⁴--
728 2154 763 2181 In
784 2152 808 2180 1.
822 2154 905 2182 Noct.
922 2152 941 2180 R
962 2153 988 2189 3,
1008 2155 1029 2183 4
1047 2157 1112 2190 Qui.
1134 2174 1170 2178 —
1189 2160 1224 2187 In
1245 2158 1270 2187 2.
1285 2162 1372 2197 Vesp.
1394 2163 1431 2189 ad
1443 2164 1542 2200 Magn.

252 2187 284 2223 Α,
307 2187 324 2215 2
343 2198 396 2216 1105
417 2192 542 2225 erg'auzt.
