1650 2587
692 105 947 140 ——144—

309 250 355 281 ln
381 250 411 281 2.
438 248 657 288 VesperiS.

365 322 411 351 Ad
429 321 604 358 Magnificat.

172 390 213 422 A.
245 390 352 430 Virgo,
378 389 486 429 regina
508 389 673 428 virginum,

241 437 286 468 Et
307 437 373 476 eJus
397 438 525 467 sanctae
548 443 671 467 sorores

918 199 1016 231 Orent
1041 205 1100 237 pro
1124 195 1215 227 nobis
1241 195 1421 234 Dominum,

918 246 965 278 Ut
989 253 1045 276 nos
1070 251 1142 273 suos
1168 242 1339 274 servitores

918 293 1035 325 Factos
1060 289 1121 320 sibi
1145 289 1300 329 gratiores

920 339 1031 371 Diluta
1055 337 1149 368 sorde
1175 336 1339 367 criminum

919 385 1033 418 Faciat
1055 383 1250 416 habitatores

918 432 1038 465 Montis
1062 439 1209 463 verorum
1232 430 1394 462 luminum.

246 501 329 528 Brev.
349 508 401 528 ms.
421 500 592 527 Redonense
612 507 686 527 saec.
711 496 753 526 15.
776 498 844 526 Cod.
864 498 997 525 Vatican.
1019 496 1153 525 Ottobon.
1176 492 1241 522 543.
1261 511 1298 515 —-
1318 493 1353 522 In
1373 495 1424 522 der
1443 491 1470 520 2.

170 538 230 564 und
257 535 283 565 3.
307 538 390 566 Noct.
417 538 457 564 ist
478 537 510 572 je
535 538 581 564 ein
601 537 628 565 R
650 536 808 572 prosaisch.
850 536 885 562 In
907 534 1000 562 Laud.
1028 535 1167 569 hymnus:
1193 533 1332 560 Exsultat
1357 532 1469 560 coelum

169 575 315 602 laudibus.

563 665 610 696 54.
649 666 691 697 De
711 673 735 697 s.
755 664 855 696 Maria
874 663 1076 704 Aegyptiaca.

308 734 351 765 In
379 732 409 766 1.
436 733 650 773 vesperis.

384 783 576 819 Antiphonae.

187 829 216 860 1.
243 827 381 867 Virginis
406 829 436 857 et
459 827 569 858 matris

290 875 376 906 vultu
401 873 563 906 blanditur
588 875 687 907 amico

244 921 401 952 Tristibus
426 923 520 960 atque
544 922 633 961 quasi

285 968 391 1007 lapsos
416 967 531 999 invitat
552 968 665 1008 imago.

184 1024 214 1055 2.
242 1024 321 1063 Spes
346 1032 417 1055 mea
442 1024 553 1064 dulcis,
580 1034 647 1063 ave,

288 1080 358 1102 mea
381 1079 471 1112 spes,
503 1072 575 1110 quia
599 1080 672 1111 spes
697 1072 788 1103 mise-

561 1127 678 1158 rorum,

239 1165 295 1196 Me
318 1165 464 1195 miseram
487 1162 599 1204 fateor,

287 1220 359 1250 spes
382 1218 453 1241 mea
478 1211 588 1251 dulcis,
614 1221 681 1244 ave.

188 1268 219 1299 3.
247 1267 295 1297 Tu
320 1268 429 1306 portus
455 1266 573 1306 veniae,

288 1314 411 1345 veniam
430 1316 514 1354 peto,
540 1315 699 1353 sanguinis
717 1323 789 1354 ergo

239 1360 317 1392 Esto
341 1368 460 1391 memor
485 1359 525 1390 de
548 1363 581 1392 te

287 1406 413 1446 sumpti,
439 1406 495 1438 sed
519 1406 553 1437 in
578 1416 668 1438 cruce
694 1407 765 1440 fusi.

183 1473 215 1504 4.
240 1472 279 1504 In
305 1479 396 1503 cruce
420 1471 568 1503 clamavit

287 1518 368 1551 Sitz'o
394 1518 497 1558 Jesus,
523 1519 574 1550 hic
598 1520 657 1551 tibi
674 1521 791 1552 clamor

242 1566 370 1605 Insitus‚
396 1567 432 1595 ut
454 1565 584 1597 miseros

289 1612 420 1653 releveS,
446 1612 556 1643 soleris
581 1620 704 1652 egenos.

173 1677 211 1709 R.
241 1678 279 1709 In
303 1677 444 1717 Aegypti
466 1676 604 1708 tenebris

291 1723 391 1755 Nocte
415 1724 505 1762 gravi
526 1726 640 1755 tectam

239 1770 353 1810 Maria,
380 1778 451 1809 spes
477 1770 596 1812 veniae,

289 1817 424 1849 Mariam
447 1817 598 1849 infectam

244 1865 346 1896 Verae
370 1864 479 1896 reddit
501 1864 622 1904 gratiae

292 1911 462 1943 Consolans
490 1911 655 1951 dejectam,

246 1958 342 1997 Quam
368 1960 516 1997 coaptans
540 1958 658 1998 gloriae

292 2005 383 2037 Viam
408 2005 500 2036 docet
522 2008 641 2037 rectam

175 2052 213 2083 V.
243 2052 461 2092 Amplexuque
484 2053 562 2085 Jesu

292 2108 385 2139 quam
411 2098 510 2130 duleis
534 2098 670 2130 inebn'at
692 2097 791 2130 illam.

362 2191 408 2220 Ad
427 2190 604 2227 Mag-nificat.

176 2258 215 2291 A.
249 2259 275 2292 O
299 2268 372 2299 spes
397 2258 499 2290 dulcis
524 2258 725 2298 dejectorum,

247 2306 343 2345 Quam
367 2316 386 2338 a
410 2304 484 2337 fune
506 2309 707 2346 peccatorum

292 2353 397 2386 Mater
423 2353 542 2386 Christi
565 2353 689 2394 liberat,

916 732 1016 771 Opem
1043 729 1161 772 confer,
1187 740 1205 762 o
1229 730 1344 774 Maria,

917 778 1017 810 Nobis
1041 778 1074 810 in
1098 777 1158 809 hac
1184 777 1286 809 carnis
1312 778 1374 818 via,

962 826 1045 865 Quos
1068 825 1203 856 mundus
1227 825 1415 865 incarcerat,

915 872 960 904 Et
981 881 1058 912 quos
1081 874 1195 912 urgent
1218 871 1306 912 vitia,

916 920 987 951 Tua
1009 919 1141 951 mundet
1164 919 1276 959 gratia.

983 1013 1046 1045 Ad
1069 1012 1335 1046 Matutinum.

1051 1077 1267 1105 Invitatorium.

915 1134 1007 1165 Mens
1035 1135 1148 1166 devota
1172 1134 1273 1166 Deum

957 1181 1091 1213 laudans
1126 1182 1281 1221 procedat
1303 1182 1336 1214 in
1361 1183 1470 1220 altum,

917 1228 974 1268 Qui
1000 1227 1089 1261 dedit
1112 1229 1145 1260 in
1170 1229 1278 1269 requie

960 1275 1063 1307 lucem
1088 1276 1156 1307 sine
1179 1279 1273 1308 nocte
1296 1276 1430 1310 Mariae.

974 1371 1019 1402 In
1047 1371 1076 1403 1.
1104 1369 1336 1405 Nocturno.

1061 1434 1255 1470 Antiphonae.

884 1515 891 1523 .
919 1490 1053 1524 Gustata
1079 1492 1247 1525 dulcedine

959 1538 1052 1579 Ligni
1077 1539 1225 1571 salutaris

916 1585 1098 1617 illustratur
1123 1586 1226 1624 gratia

960 1632 1039 1663 lucis
1064 1632 1212 1663 salutaris

1007 1678 1100 1710 Felix
1123 1678 1330 1718 Aegyptiaca.

887 1750 894 1757 .
921 1724 1065 1756 Adorata
1086 1724 1182 1764 igitur

962 1779 1054 1802 cruce
1079 1770 1255 1805 salvatoris

919 1817 1007 1848 Haec
1030 1818 1103 1858 igne
1126 1821 1328 1853 succenditur

960 1864 1140 1903 praedulcis
1158 1868 1284 1907 amoris,

1006 1910 1067 1951 Qui
1090 1914 1245 1945 consumit
1267 1915 1356 1949 vitia.

886 1992 893 1999 .
919 1966 1056 1998 Matrem
1081 1968 1113 1998 et
1134 1976 1224 2007 spem
1248 1972 1359 2003 veniae

967 2013 1112 2053 Suscepit
1134 2014 1249 2055 Maria,

918 2061 1175 2092 Praeductricem
1200 2064 1331 2106 gratiae,

960 2108 1023 2140 Per
1047 2117 1140 2148 quam
1163 2111 1251 2140 recta
1275 2111 1325 2142 via

1008 2155 1102 2187 Patet
1122 2155 1171 2186 illi
1194 2156 1335 2191 coelitus.

886 2235 893 2242 .
922 2210 1084 2245 Praeduce
1108 2214 1210 2244 matre
1234 2212 1296 2244 Dei

961 2259 1115 2290 transitur
1138 2258 1276 2291 fluminis
1299 2262 1388 2294 unda

920 2304 965 2336 Et
987 2314 1092 2337 secum
1116 2307 1184 2338 sola

963 2356 1070 2385 manet
1081 2355 1154 2385 actu
1165 2356 1331 2395 menteque
1343 2358 1471 2392 munda.
