1650 2587
683 117 908 150 —32.-

285 211 330 242 In
356 211 387 244 1.
414 210 638 244 Noeturno.
825 211 864 244 V.
892 210 1086 244 Subarrhata

945 257 1069 290 Christo
1093 268 1151 298 per
1175 260 1322 291 annulum

896 303 1025 343 Spernit
1048 306 1132 337 omni

944 359 1013 382 cum
1037 361 1153 392 pompa
1176 353 1345 384 saeculum.

362 275 555 310 Antiphonue.

168 331 197 363 1.
224 332 342 363 Forma
365 331 498 371 pulchra
522 332 683 371 splenduit

272 378 366 416 Quasi
390 378 445 409 lux
471 378 545 419 diei,

223 424 336 456 Falsos
364 425 438 456 deos
463 425 585 463 respuit

270 471 391 503 Cultrix
416 471 483 502 veri
509 471 577 504 Dei.

167 528 198 558 2.
226 525 360 558 Formae
386 527 480 558 decus
505 529 632 566 superat

267 573 390 604 Morum
419 573 596 614 disciplina,

223 619 341 658 Quibus
365 628 399 650 se
423 618 623 650 confoederat

270 665 381 698 Gratia
407 665 521 697 divina.

164 724 195 755 3.
222 721 268 754 Ut
291 721 430 760 baptista
452 721 593 760 pascitur

265 768 363 800 Melle
389 777 457 799 eum
478 768 618 807 locustis,

222 815 357 854 coelum,
385 815 468 854 quod
493 815 553 847 vim
580 816 708 857 patitur,

265 862 363 901 Rapit
386 860 479 894 factis
501 862 605 901 justis.

956 445 1000 476 111
1026 447 1057 477 2.
1084 445 1315 477 Nocturno.

1037 509 1230 544 Antiphonae.

840 555 868 588 1.
894 555 998 587 Patris
1021 557 1055 587 in
1080 556 1224 589 aedificio

894 601 997 633 Natae
1021 602 1102 634 fiunt
1124 604 1256 642 imperio

895 649 974 680 Tres
1000 648 1167 690 fenestrae,
1193 659 1254 682 non
1280 651 1423 690 geminae

895 695 959 726 Sub
985 696 1137 728 trinitatis
1161 697 1295 730 nomine.

837 753 868 783 2.
895 752 984 784 Binis
1009 751 1156 785 fenestris
1181 754 1308 785 tertiam

894 799 948 830 Ad
973 800 1126 831 trinitatis
1151 801 1284 840 gloriam

894 846 1014 886 Addit,
1047 856 1127 887 quae
1150 847 1221 879 fons
1245 852 1293 879 est
1316 849 1443 880 luminis

894 893 938 924 Et
961 893 1066 924 lumen
1090 895 1190 925 omnis
1215 895 1359 929 hominis..

354 926 560 962 Responsoria.
1021 950 1027 956 Ι
1053 950 1059 956 Ι
1138 951 1145 956 ¹

161 975 191 1006 1¹
219 973 315 1013 Virgo
340 972 405 1005 fide
837 949 868 981 3.
896 949 1095 1002 Cum-digito
1121 951 1314 1003 Slgnaculum
1354 999 1360 1005 ι

264 1021 386 1059 pollens
411 1023 443 1051 θῇ
466 1022 578 1061 gratia,
895 997 1004 1029 Cfflcrs
1029 1001 1190 1036 ¹*lipreSS1t
1214 1007 1373 1039 marmon,

217 1067 434 1106 Praepotentis
895 1044 984 1081 Quo‘l
1019 1044 1186 1082 ΡΠῙΟῙΠἪῙΠ
1225 1045 1280 1076 dat
1316 1049 1441 1085 SPGOfa-

1218 1092 1321 1123 culum

264 1114 379 1153 pagani
403 1112 480 1156 filia)
892 1136 1007 1168 Adhuc
1029 1136 1116 1169 fideli
1140 1139 1271 1177 pectori.

217 1160 311 1200 Rosa,
337 1161 448 1200 spinae

267 1216 394 1248 germen
418 1216 621 1248 purpureum,
1029 1204 1233 1238 Responsoria.

219 1254 339 1286 Durum
365 1254 473 1293 spinae
837 1254 865 1286 1.
891 1254 1115 1286 Fenestrarum

265 1301 362 1332 sentit
385 1301 545 1341 aculeum3
939 1300 1034 1331 trium
1058 1298 1242 1338 mysterium

149 1347 186 1379 V.
216 1347 311 1387 Virgo
338 1356 427 1379 caesa
892 1347 980 1379 Patri
1003 1346 1146 1385 pandens

263 1397 395 1433 paterno
420 1394 525 1434 gladio
941 1393 1070 1425 offendit
1093 1391 1234 1431 impium,

217 1441 331 1472 Rosam
355 1441 459 1480 J'uugit
893 1440 1023 1480 Spatam
1046 1438 1150 1471 ferens

262 1488 394 1527 pudoris
419 1488 494 1521 lilio.
939 1488 1027 1518 illam
1050 1486 1236 1525 insequitur,

160 1546 191 1576 2.
219 1545 311 1577 Celsa
333 1547 425 1584 pater
893 1534 996 1573 Supra
1019 1535 1157 1586 montem

266 1592 299 1622 in
324 1591 405 1622 turri
428 1591 524 1622 filiam
937 1589 1030 1612 OraDS
1056 1582 1216 1619 1nc1p1tur,

217 1637 353 1669 Formae
378 1638 497 1669 claudit
822 1628 859 1660 V·
888 1628 1003 1660 Ρὶῑὸῖθΐ
1027 1625 1122 1666 fugae

264 1684 302 1715 ob
330 1684 523 1726 elegantiam,
941 1675 1014 1706 dum
1040 1674 1095 1705 dat
1117 1673 1281 1715 indicium,

220 1730 314 1770 Cujus
339 1734 430 1762 ornat,
892 1722 928 1753 1ss
954 1722 1091 1752 locustas

266 1778 408 1809 decorem
434 1777 571 1817 castitas,
938 1776 1016 1807 grex
1041 1768 1134 1799 datur
1158 1768 1271 1801 ovium-

219 1825 420 1857 Consummat
444 1824 568 1857 caritas.
836 1826 866 1856 2.
892 1824 996 1856 Datur
1019 1833 1040 1855 a
1062 1828 1154 1864 patre
1176 1825 1317 1863 praesidi

147 1871 185 1902 V.
214 1871 303 1903 Haec
328 1874 374 1903 est
399 1872 466 1903 sole
894 1871 1071 1904 Gmcianda
1102 1871 1299 1912 christicola,

265 1919 381 1950 virtute
405 1918 576 1958 pulchrior,
893 1918 955 1949 Sed
981 1918 1134 1958 quidquid
1158 1922 1254 1958 agant
1277 1919 1402 1962 perfidi,

216 1966 330 2004 Quovis
354 1964 432 1997 flore
892 1965 996 1996 Fleeti
1019 1966 1129 2005 nequit
1152 1967 1193 1998 ad
1218 1966 1314 1999 idola.

264 2013 353 2044 vultu
377 2012 546 2045 venustior.
822 2011 859 2043 V.
889 2011 1031 2044 Caedunt
1055 2015 1204 2053 sanctam,

160 2071 191 2102 3,
217 2070 312 2101 Pater
336 2069 427 2100 offert
938 2059 1128 2091 abscindunt
1150 2060 1258 2100 ubera,

266 2116 429 2148 Barbarae
451 2116 578 2155 nuptias
892 2106 1043 2138 Flammis
1068 2110 1165 2138 urunt

216 2165 314 2197 Juxta
336 2163 445 2194 mundi
938 2153 1120 2193 lampadum
1143 2155 1254 2187 latera.

266 2209 381 2242 fastum
408 2210 548 2249 eximias,
837 2210 866 2242 3.
895 2209 1047 2252 Christus,
1073 2211 1128 2242 lux
1149 2219 1234 2250 vera,
1262 2211 1364 2242 visere

217 2257 330 2290 Obstat
353 2265 469 2296 sponsa
893 2256 970 2288 Cum
994 2257 1065 2288 luce
1087 2258 1167 2289 lucis
1192 2257 1288 2290 filiam

266 2304 410 2336 eoelestis
434 2303 572 2343 Domini,
894 2303 1022 2335 Caesam
1048 2307 1078 2335 et
1104 2306 1244 2336 clausam
1268 2314 1395 2337 carcere

217 2351 266 2384 No
291 2351 389 2383 nubat
411 2351 538 2382 homiui.
892 2350 988 2383 Venit
1012 2352 1176 2384 consolans
1202 2352 1346 2391 anxiam3
