1650 2587
717 122 950 156 —.31-.

257 216 418 249 Munditia
443 216 548 248 cordis

304 263 388 295 omni
413 264 481 295 sine
505 263 641 304 labeque
665 264 769 296 sordis

258 310 397 342 Servivit
420 310 558 350 Christo,

200 218 231 250 ,ΕΟ

305 357 379 390 (111111
412 365 544 396 corpore
578 356 658 389 vixit
680 357 714 387 in
735 357 807 389 isto.

199 438 228 470 3.
256 437 301 469 Ut
324 436 410 468 Deus
434 437 577 469 inveniat

303 492 430 523 semper
461 483 523 515 sibi
547 493 603 515 nos
630 483 806 523 vigilantes,

256 530 401 563 Barbara
423 533 542 573 sancta,
569 533 624 562 tua

302 586 398 618 prece
423 581 454 609 te
479 587 571 610 serva
595 580 792 610 venerantes.

200 655 228 685 4,
256 653 367 685 Dulcis
393 654 495 685 amica
517 653 589 694 Dei,

306 701 405 741 signis
428 703 540 733 ornata
564 700 719 744 trophaei,

257 748 361 788 Hune,
386 757 446 787 per
471 756 563 787 quem
586 747 665 780 vicit

301 794 806 836 mundum‚Dominumbenedicit.

200 877 230 907 5.
256 875 383 907 Laudet
406 875 445 907 de
471 876 567 908 caelis
591 875 760 908 Dominum

303 921 396 962 plebs
421 930 562 962 quaeque
585 922 700 966 fidelis,

257 968 384 1001 Laudat
407 969 541 1001 sidereis

302 1024 393 1055 quem
402 1015 545 1047 Barbara
550 1017 661 1056 ⁴iuncta
671 1017 803 1050 choreis,

1050 216 1095 243 Ad
1115 215 1296 243 Benedictus.

866 266 905 297 A.
933 265 957 297 O
982 263 1136 303 Barbara,
1161 264 1248 303 virgo
1274 265 1337 303 pia,

980 311 1162 343 Protectrix
1185 312 1392 351 pree-antium,

936 358 1021 397 Quae
1042 357 1109 398 jam
1133 357 1250 398 gaudes
1273 358 1304 389 in
1330 359 1432 398 gloria

982 405 1195 445 Supernorum
1220 405 1343 444 civium,

936 451 1044 484 Servis
1068 452 1132 483 tuis
1155 452 1189 483 in
1212 451 1274 483 hac
1297 453 1350 485 via

983 500 1084 531 Tuum
1111 499 1151 531 da
1175 499 1360 532 subsidium.

999 575 1044 607 In
1066 576 1097 608 2.
1123 575 1338 613 Vesperis.

1052 639 1098 666 Ad
1117 638 1295 676 Magnificat.

868 688 905 723 A.
931 688 1037 720 Hodie
1061 690 1150 728 virgo
1171 687 1314 721 Barbara

983 736 1023 767 (18
1047 735 1118 766 511111
1142 735 1294 767 ecclesiae

937 782 1089 822 Migravit
1112 783 1155 814 ad
1179 783 1327 815 coelestia

984 838 1052 861 cum
1078 830 1184 869 palma
1208 830 1368 870 victoriae,

936 877 1012 916 Ipsa
1036 876 1127 908 nobis
1153 878 1219 916 ejus
1244 885 1359 916 sponso

986 926 1075 963 petat
1102 924 1184 955 dona
1208 924 1330 966 veniae,

937 970 983 1003 Ut
1007 979 1073 1002 cum
1097 979 1134 1002 ea
1158 971 1278 1003 visione

981 1015 1182 1056 perfruamur
1205 1018 1333 1057 gloriae.

261 1100 345 1127 Brev.
373 1099 592 1128 Audomarense
617 1102 686 1136 imp.
712 1101 836 1128 Parisiis
864 1098 945 1128 1518.
978 1115 996 1119 —
1034 1099 1069 1128 111
1099 1099 1122 1128 1.
1148 1102 1232 1129 Noct.
1262 1099 1292 1128 R.
1321 1099 1338 1129 3
1381 1099 1399 1128 5
1431 1102 1464 1129 11(

184 1135 269 1170 hujus
289 1138 421 1173 patrem?
443 1152 478 1157 ——
499 1138 534 1165 In
554 1136 580 1166 3.
601 1138 684 1167 Noct.
707 1137 729 1165 A
749 1135 776 1171 5,
797 1136 814 1165 5
835 1146 922 1165 manu
942 1139 1045 1174 prima.

616 1305 659 1336 10.
698 1306 742 1337 De
761 1308 871 1336 sancta
890 1306 1042 1337 Barbara.

328 1393 374 1425 In
402 1394 431 1427 1.
454 1393 669 1433 Vesperis.

399 1477 592 1513 Antiphonae.

200 1556 228 1588 1.
258 1554 380 1596 Gaude,
406 1558 508 1587 mater
533 1556 667 1588 ecclesia

301 1601 432 1635 Festum
457 1603 589 1635 colendo
614 1603 785 1643 Barbarae,

256 1650 338 1681 Nam
364 1652 431 1682 tota
456 1651 535 1682 coeli
562 1650 652 1683 curia

304 1698 354 1729 De
379 1698 436 1729 tali
461 1698 578 1739 gaudet
604 1707 761 1738 compare.

198 1784 229 1816 2.
256 1785 345 1816 Haec
368 1785 518 1823 satrapae
541 1783 689 1816 Dioscori

300 1829 386 1862 Nata
408 1830 525 1871 pagani
552 1831 660 1864 divitis

253 1878 367 1910 Fidem
392 1878 543 1910 insertam
565 1879 689 1919 pectori

298 1925 409 1958 Factis
435 1926 575 1958 ostendit
598 1927 727 1959 inclitis.

195 2013 226 2045 3.
254 2011 353 2052 Virgo
380 2020 490 2044 carens
515 2011 647 2045 maculis

301 2058 447 2091 Pollebat
470 2060 591 2092 serenis

252 2106 475 2140 Columbarum
501 2107 600 2139 oculis

298 2154 511 2195 Turturisque
535 2155 633 2195 genis.

194 2241 226 2273 4.
253 2240 357 2280 Hujus
381 2249 442 2279 par
467 2243 515 2272 est
539 2240 599 2272 11111

298 2288 413 2320 Facies
439 2288 564 2329 decora,

254 2336 323 2368 Vox
346 2336 381 2367 111
404 2344 482 2368 aure
506 2335 632 2368 Domini

296 2383 407 2416 Dulcis
433 2386 465 2416 et
499 2392 624 2420 sonora.

877 1396 906 1427 5.
933 1395 1059 1427 Ardens
1085 1396 1152 1435 ejus
1179 1395 1306 1427 dilectio

984 1442 1055 1474 Non
1082 1445 1130 1474 est
1153 1443 1242 1482 aquis
1268 1443 1423 1474 exstincta

938 1489 1008 1521 Nec
1031 1488 1144 1522 obruta
1170 1490 1210 1522 de
1233 1488 1337 1533 fluvio,

985 1537 1077 1569 Licet
1099 1536 1149 1568 his
1175 1538 1259 1569 esset
1282 1537 1391 1569 tincta.

1056 1611 1101 1638 Ad
1120 1610 1298 1647 Mag-nificat.

867 1670 906 1701 A.
934 1670 958 1702 Ο
982 1670 1115 1710 pulchra
1139 1670 1344 1710 praecipuum

984 1718 1070 1750 Rosa
1095 1717 1173 1749 dans
1199 1717 1338 1758 odorem,

936 1764 1073 1797 Florens
1093 1765 1127 1796 111
1151 1766 1339 1805 perpetuum

983 1814 1069 1845 Ante
1095 1815 1278 1856 creatorem,

938 1859 1126 1900 Concupivit
1149 1860 1287 1900 speciem

982 1908 1084 1940 Tuam
1108 1916 1165 1939 rex
1190 1907 1359 1947 coelorum,

937 1956 1063 1988 Perdue
1087 1964 1144 1987 nos
1170 1954 1212 1988 ad
1237 1956 1387 1998 requiem,

983 2003 1136 2041 Barbara,
1164 2005 1355 2035 sanctorum.

999 2117 1060 2149 Ad
1090 2116 1354 2150 Matutinum.

1067 2182 1284 2210 Invitatorium.

936 2240 1112 2273 Jubilemus
1136 2250 1256 2273 summo
1280 2241 1360 2284 Deo,

985 2288 1044 2327 Qui
1070 2288 1152 2320 bona
1178 2290 1233 2322 dat
1257 2290 1373 2328 omnia,

937 2336 996 2375 Qui
1022 2336 1152 2369 donavit
1176 2345 1247 2369 cum
1271 2338 1424 2378 trophaeo

984 2384 1146 2417 Barbarae
1172 2385 1330 2418 coelest-ia.
