1651 2588
149 162 187 195 V.

179 1217 195 1247 ΕἎ

666 57 919 92 -254-

219 162 244 194 Ο
269 161 370 200 pietas
392 158 469 200 justi

265 207 348 239 bona
372 206 548 237 retribuens
572 203 715 235 inimicis.

279 310 324 341 In
351 311 381 341 2.
407 308 631 340 Nocturno.

364 372 556 408 Antiphonae.

190 457 197 464 .
223 430 341 464 Christi
365 428 559 469 magnificum

270 477 395 517 praesul
420 475 564 507 Dolensis
589 475 721 506 amicum

224 523 392 556 Ordinibus
418 522 554 561 decorat,

271 570 398 601 coelesti
424 569 567 610 dogmate
591 567 715 601 format.

194 654 201 661 .
224 626 418 665 Adspirante
442 625 521 667 Deo,

272 672 393 713 pariter
416 674 563 712 poscente
588 671 713 711 popello

227 719 337 752 Laude
361 719 420 750 sibi
446 719 571 758 dignum

273 765 441 798 succedere
466 764 542 797 fecit
565 766 733 799 alumnum.

227 821 412 855 Pontificale
437 823 530 854 decus

273 869 385 901 merito
410 869 534 901 virtutis
560 869 692 908 adeptus

230 915 340 955 Coepit
363 916 544 956 apostolicis

274 962 391 1002 passim
418 962 590 994 clarescere
615 962 722 1003 signis.

197 1042 204 1049 .
229 1019 280 1050 Ad
307 1018 435 1050 verbum
460 1017 536 1049 fidei

280 1067 427 1096 curantur
452 1065 580 1096 coelitus
604 1065 700 1105 aegri,

234 1111 369 1143 Auditus
392 1111 496 1142 surdis

279 1157 364 1189 redit
389 1162 421 1189 ot
444 1158 496 1189 lux
518 1158 652 1197 pristina
669 1159 778 1191 caecis

202 1238 209 1246 .
235 1213 376 1245 Antistes
401 1222 492 1245 orans

281 1263 408 1292 revocat
433 1260 472 1292 de
496 1264 595 1292 morte
619 1261 765 1302 puellam,

239 1306 358 1339 Reddit
382 1309 413 1338 et
435 1307 601 1339 attonitum

286 1352 409 1386 Christo
433 1354 601 1393 praeconia
626 1354 744 1394 vulgus,

205 1435 213 1443 .
239 1409 398 1442 Pontificis
425 1409 543 1441 cineres

286 1456 466 1498 exstingunt
490 1457 618 1488 coelitus
643 1457 741 1496 ignes,

242 1502 360 1541 Corpus,
386 1506 417 1534 et
441 1504 592 1543 assumpti

290 1549 393 1580 radiat
416 1558 473 1589 per
496 1550 586 1589 signa
608 1551 744 1589 patroni.

383 1633 585 1668 Responsoria.

209 1712 217 1720 .
243 1688 352 1720 Dulcis
377 1690 475 1721 amice
498 1689 569 1731 Dei,

291 1735 395 1775 patuit
419 1736 467 1767 eui
488 1737 585 1776 janua
610 1737 698 1777 coeli,

245 1781 390 1814 Exorans
416 1782 572 1815 Christum

294 1828 383 1860 nobis
408 1830 495 1869 aperi
519 1830 712 1869 paradisum,

208 1901 216 1910 ,
246 1877 342 1915 Quem
368 1876 598 1917 contemplaris,

298 1923 383 1962 cujus
409 1924 496 1954 vultu
517 1923 652 1958 satiaris.

216 2004 223 2011 .
250 1979 387 2017 speciali
411 1980 528 2012 visione

297 2026 462 2066 insignitus
486 2027 638 2069 pont-ifex,

251 2073 367 2104 Arcam
391 2074 472 2106 vidit
495 2075 674 2106 testamenti

301 2119 419 2152 deferri
442 2121 481 2153 ab
507 2123 636 2162 angelis,

252 2167 332 2206 Quia
357 2169 426 2199 erat
448 2177 522 2200 area
545 2170 624 2208 legis

299 2214 451 2254 templum
475 2215 576 2247 saneti
600 2215 741 2255 spiritus,

216 2285 223 2291 .
252 2260 367 2293 Adhuc
390 2270 518 2294 manens
542 2271 638 2295 earne
661 2262 789 2301 mundo,

303 2309 360 2339 sed
384 2309 418 2339 in
442 2310 537 2341 coelis
561 2310 674 2343 animo.

834 156 865 187 3.
891 152 1007 184 Sancte
1029 150 1100 190 Dei,
1125 147 1272 188 precibus

939 200 1064 230 nostros
1089 195 1228 228 dissolve
1251 196 1370 233 reatus,

892 245 952 283 Qui
976 244 1161 284 plerumque
1183 240 1247 272 reis

938 291 1062 324 veniam
1086 288 1158 329 pius
1180 286 1355 326 obtinuisti,

826 340 863 372 V.
892 338 990 379 Erige
1013 337 1166 374 labentes,

943 382 1092 416 confirma
1117 380 1311 413 deficientes.

839 454 870 485 4.
897 452 921 484 O
947 458 1039 490 quam
1061 446 1226 487 magnifiee

943 497 1063 528 eoelum
1086 495 1179 535 petis,
1207 502 1224 524 o
1248 492 1397 532 Tui-iane,

897 544 950 577 Ad
975 551 1101 575 coenam
1125 541 1208 580 regis

944 594 1103 629 tamquam
1127 586 1261 620 conviva
1282 585 1387 617 fidelis

896 638 1053 672 Invitatus
1078 634 1165 675 ades,

946 685 1096 716 resonant
1119 681 1269 714 coelestia
1290 678 1414 719 laudes,

828 734 868 766 V.
897 732 951 764 Ad
977 729 1103 762 deitatis
1128 736 1204 768 opes

947 780 1020 818 post
1044 776 1136 816 hujus
1160 775 1241 807 lucis
1264 781 1389 813 agones

978 919 1022 950 In
1050 919 1081 951 3.
1108 916 1333 948 Nocturno.

1043 999 1088 1028 Ad
1108 1000 1237 1027 Canffiea.

848 1071 880 1104 1.
904 1068 1028 1102 Coelica
1053 1076 1119 1099 cum
1144 1065 1261 1098 sanctis

955 1116 1140 1154 depromens
1166 1112 1288 1144 cantica
1310 1110 1413 1143 laudis

909 1161 1076 1195 Collaudat
1099 1162 1225 1191 sanctus

955 1208 1123 1241 Dominum
1141 1205 1277 1239 Sabaoth
1291 1204 1457 1236 Turianus.

1048 1309 1251 1345 Responsoria.

857 1380 888 1411 1.
914 1376 1097 1411 Pontifieale
1122 1375 1217 1407 decus

958 1425 1102 1463 linquens
1126 1421 1251 1454 humilis
1275 1418 1430 1451 Tucianus

913 1471 977 1503 Sub
1002 1472 1093 1510 patre
1116 1466 1275 1501 Leufredo

961 1517 1164 1548 monachatui·
1184 1514 1218 1546 iu
1235 1512 1346 1545 ordine
1362 1520 1463 1554 sacro,

846 1566 884 1597 V.
912 1562 1098 1604 Magnificus
1122 1560 1249 1602 praesul

962 1619 1020 1649 pro
1038 1609 1163 1642 Christo
1180 1615 1302 1647 pauper
1319 1608 1351 1637 et
1367 1605 1465 1638 exsul.

860 1679 892 1709 2.
917 1675 1120 1714 Praepositus
1146 1676 1305 1712 sceptrum

963 1720 1103 1753 Michael
1126 1721 1265 1752 retinens
1290 1719 1465 1750 animarum

917 1767 1078 1802 Pontificis
1100 1776 1191 1799 saera

965 1815 1108 1847 residens
1133 1813 1282 1854 apparuit
1305 1814 1390 1853 ulna,

852 1864 890 1896 V.
919 1862 1103 1902 Angelieum
1127 1860 1280 1901 signando
1305 1860 1404 1892 virum

967 1909 1083 1941 mundo
1109 1906 1301 1942 crucifixum.

864 1978 895 2010 3.
922 1977 946 2009 O
972 1977 1098 2007 senator
1121 1974 1274 2015 paradisi,

969 2023 1051 2055 coeli
1074 2022 1197 2062 lampas
1222 2030 1327 2063 aurea,

924 2070 1032 2112 Surge,
1057 2072 1160 2109 pater,
1188 2068 1263 2101 offer
1287 2067 1356 2100 Deo

967 2117 1097 2150 laudum
1124 2115 1290 2155 sacrificia,

927 2165 1015 2205 Quae
1037 2173 1097 2204 pro
1120 2166 1195 2195 tuae
1213 2162 1396 2196 sanctitatis

973 2210 1136 2243 reddimus
1158 2211 1325 2250 memoria3

859 2259 897 2291 V.
928 2258 1037 2300 Serva,
1061 2260 1180 2297 sancte,
1206 2266 1332 2297 gregem

976 2304 1037 2337 tihi
1062 2305 1192 2337 laudum
1215 2306 1290 2337 vota
1313 2302 1478 2335 ferentem.
