1650 2587
708 147 744 150 —-
801 125 869 161 127
919 145 962 150 —

394 223 600 258 Responsoria.

199 289 232 321 1.
258 288 316 321 Vir
339 288 554 321 sanctissimus
579 290 728 330 Majolus‚

255 336 374 368 Nostro
399 334 593 380 [florescens]
619 340 773 381 tempore,

256 384 445 417 Praeclarus
470 382 531 416 fuit
554 393 679 424 genere,

257 431 457 463 Praeclarior
481 431 538 463 sed
562 441 668 473 opere,

216 502 223 510 .
253 478 395 510 Decorus
421 478 543 511 exstitit
565 478 630 511 fide

255 525 302 557 Et
325 526 468 558 caritatis
491 535 631 561 munere.

224 608 230 614 .
257 582 391 615 Actibus
415 583 476 614 iste
499 582 562 622 piis

304 630 422 661 teneris
446 630 585 662 intentus
610 630 648 661 ab
674 629 774 670 annis,

257 676 318 709 Vir
342 675 404 707 fuit
428 677 561 709 eximiae

303 726 494 764 sanctaeque
517 732 576 763 per
596 723 700 755 omnia
716 724 811 762 vitae,

218 794 226 802 .
256 770 358 803 Nocte
384 771 496 811 dieque
516 771 601 811 jugis

307 817 414 850 divino
439 818 569 851 servitio
593 818 700 851 instat.

200 876 231 906 ¹.
258 874 375 906 Sancta
399 874 488 915 sequi
512 875 627 916 satagit

305 921 444 960 Majolus
469 931 599 954 munera
623 921 750 960 Christi,

257 968 377 1000 Terrea
399 969 588 1008 spernendo,

306 1015 454 1047 coelestia
478 1016 546 1047 sola
569 1015 745 1055 probando,

215 1086 221 1092 .
252 1061 446 1102 Levitaeque
471 1062 566 1094 decus

282 1108 410 1148 dignum
433 1109 509 1141 tulit
533 1109 646 1142 ordine
669 1109 781 1141 laetus.

317 1231 364 1263 In
391 1234 423 1266 2.
448 1232 680 1264 Nocturno.

402 1305 597 1342 Antiphonae.

222 1399 229 1406 .
255 1373 386 1415 majole,
413 1372 601 1405 admirabile

255 1420 379 1451 Nomen
404 1423 493 1451 tuum
519 1420 724 1461 dignoscitur,

256 1467 339 1499 Nam
365 1469 477 1499 eontra
497 1467 632 1506 quodvis
656 1466 763 1498 flebile

254 1514 387 1554 Malum,
414 1514 498 1554 quod
523 1514 615 1546 homo
640 1514 771 1556 patitur,

253 1562 317 1594 Per
341 1564 374 1592 te
400 1561 564 1593 confestim
589 1562 668 1593 utile

252 1609 440 1641 Remedium
464 1608 625 1641 tribuitur.

218 1691 225 1698 .
250 1666 389 1705 Majolus
414 1674 574 1706 nunquam
598 1665 731 1698 recessit

252 1715 282 1745 A
306 1722 403 1745 verae
425 1714 500 1745 vitis
524 1722 667 1754 corpore,

251 1760 405 1793 Fructum
430 1764 464 1793 ut
488 1759 590 1792 ferret
612 1760 783 1801 plurimum

251 1809 410 1848 Perpetuo
435 1808 503 1840 Deo
528 1810 662 1848 gratum.

221 1890 227 1895 .
254 1865 338 1897 Nam
362 1865 401 1896 ab
426 1865 506 1905 ipsis
533 1865 696 1897 cunabulis

253 1912 294 1944 Se
317 1912 457 1951 Maj01us
481 1922 501 1944 a
524 1911 641 1944 fabulis

253 1958 420 1991 Subtraxit
444 1962 477 1991 et
500 1968 519 1991 a
542 1960 664 1992 lusibus

905 248 912 255 .
937 222 1000 255 Hic
1024 223 1156 254 haerere
1179 221 1248 253 Deo

982 269 1113 309 propius
1147 269 1220 300 dum
1253 267 1364 300 nititur
1389 269 1489 300 almus

937 316 1055 349 Christi
1083 316 1266 356 discipuluS,

985 363 1129 396 monachi
1138 366 1257 395 vestem
1266 362 1370 394 induit
1377 364 1488 402 atram,

901 436 908 445 .
936 412 1015 443 Mun
1021 411 1129 443 ditiam
1153 418 1273 443 summo

984 458 1082 491 coluit
1104 458 1154 489 vir
1179 459 1306 490 sanctus
1332 464 1448 488 amore.

902 539 911 547 .
940 514 1092 547 Aetherei
1118 523 1187 546 cum
1213 514 1362 553 clavigeri

985 561 1172 603 graderetur
1196 561 1238 594 ad
1261 560 1382 602 urbem,

939 609 1118 650 Condoluit,
1145 610 1262 642 socium
1287 608 1427 648 graviter

987 657 1060 689 dum
1086 657 1240 696 conspicit
1264 664 1402 697 aegrum,

897 728 905 736 .
938 704 1110 744 Tangendo
1132 703 1290 735 infirmum

988 760 1101 792 corpus
1126 760 1216 783 sacro
1233 749 1370 792 unguine
1387 750 1488 780 sanat.

1013 865 1057 897 In
1085 865 1117 897 3.
1143 864 1369 896 Nocturno.

1083 928 1277 964 Antiphonae.

906 1010 913 1018 .
939 986 1072 1018 Relictis
1095 986 1148 1017 hic
1172 985 1299 1018 famulis

936 1033 981 1064 Et
1004 1033 1179 1073 genitorum
1204 1032 1345 1073 praediis

936 1080 1074 1119 Majolus
1101 1079 1219 1112 Christi
1242 1087 1372 1110 munere

939 1127 1050 1159 Partes
1075 1127 1156 1158 adiit
1178 1126 1392 1166 Burgundiae.

905 1210 912 1216 .
937 1183 1067 1223 Majole,
1095 1183 1168 1214 dum
1192 1186 1262 1216 tuas
1288 1183 1440 1222 psallimu

937 1231 1078 1262 Virtutes
1105 1233 1136 1261 et
1159 1231 1323 1269 miracula,

938 1277 999 1309 Per
1023 1280 1057 1309 te
1079 1281 1270 1316 nostrarum,
1295 1277 1440 1317 poscimu:

940 1324 1110 1364 Culparum
1134 1326 1215 1357 solvi
1239 1324 1374 1356 vincula.

903 1406 910 1414 .
938 1380 1115 1412 Solemnem
1141 1381 1302 1413 celebrare
1328 1381 1410 1412 diem

985 1428 1166 1460 studeamus
1193 1429 1315 1471 devote,

936 1474 974 1506 ln
999 1484 1060 1515 qua
1084 1478 1175 1514 pater
1197 1475 1336 1514 MaJOlus

984 1523 1016 1553 in
1042 1522 1136 1554 coelis
1162 1525 1210 1554 est
1232 1524 1325 1555 natus

934 1569 1076 1609 Ejusque
1100 1570 1221 1601 meritis
1246 1569 1324 1601 socii

933 1616 1016 1648 Esse
1037 1618 1185 1657 perennis
1208 1617 1363 1657 possimus

935 1663 1039 1704 Regni
1061 1664 1245 1704 pariterque

936 1710 1048 1743 Secum
1070 1711 1139 1751 jugi
1163 1712 1228 1744 vita
1253 1710 1326 1744 frui.

1070 1796 1279 1831 Responsoria.

901 1878 908 1886 .
936 1853 1081 1886 culmina
1106 1855 1258 1887 virtutum

984 1902 1056 1933 dum
1072 1902 1174 1933 cernit
1181 1902 1337 1934 scandere
1345 1904 1454 1934 sanctu
1460 1911 1488 1932 111

932 1948 1096 1989 Majolum‚
1123 1949 1222 1981 abbas
1241 1952 1317 1981 tunc

981 1996 1173 2028 Heimardus
1198 1997 1316 2029 lumine
1342 2006 1460 2031 cassus,

862 2043 901 2075 V.
943 2043 1027 2076 Cedo
1053 2043 1121 2086 tibi,
1150 2044 1240 2085 dixit,

980 2099 1063 2123 nunc
1081 2090 1215 2123 fratrum
1232 2091 1357 2131 suscipe
1371 2100 1487 2123 curam.

876 2149 905 2179 2.
935 2148 1074 2188 Cumque
1099 2158 1208 2181 manus
1233 2149 1373 2188 Majolus

982 2205 1094 2236 aquam
1118 2195 1273 2229 fundente
1296 2197 1440 2229 ministro

935 2243 1092 2275 Ablueret
1115 2244 1233 2276 stillam

981 2291 1088 2331 rapuit
1105 2292 1234 2332 quidam
1252 2291 1357 2324 incola
1373 2293 1486 2330 laetus,

865 2338 900 2371 V.
934 2339 1001 2378 Qua
1025 2341 1127 2371 tactos
1153 2341 1219 2372 nati

982 2395 1091 2420 caecos
1118 2389 1242 2422 curavit
1266 2389 1395 2422 ocellos.

250 2006 419 2047 Gestisque
441 2007 628 2047 puerilibus.

389 2091 595 2127 Responsoria.

193 2150 224 2182 1.
249 2149 383 2182 Antonii
407 2150 527 2181 accitus

299 2197 385 2229 docti
408 2207 493 2229 nunc
516 2197 612 2229 laude
636 2197 788 2242 magistri,

250 2245 441 2285 Lugdunum
466 2247 627 2287 properat,

299 2292 408 2325 divina
431 2295 467 2324 ut
488 2292 607 2333 pabula
631 2295 752 2335 gustet3

181 2342 219 2374 V.
251 2341 372 2374 Tantus
398 2350 487 2373 amor
510 2340 608 2372 studii

295 2388 451 2429 Majolum
475 2388 616 2430 pressius
641 2390 741 2429 urget.
