1650 2587
769 100 1002 136 ‚59-

267 218 275 227 .
301 196 520 235 Desponsatur
541 194 706 235 virginitas

346 243 385 275 In
409 243 511 273 matre
535 242 713 283 salvatoris,

301 289 338 320 In
362 290 471 321 sancto
496 287 597 330 fulget
621 289 754 330 puritas,

344 335 530 376 eonjugium
557 336 696 376 honoris,

302 383 356 415 Sic
379 382 417 415 fit
437 382 581 422 perfecta
606 383 733 423 caritas,

348 430 420 461 Vim
444 430 595 462 vendicat
619 431 744 463 amoris.

261 502 268 509 .
300 476 371 518 Cor,
398 479 504 518 gestus
530 480 561 509 et
585 477 732 510 activitas

299 525 362 556 Per
387 527 515 556 cunctas
540 528 650 556 tenens
674 524 802 557 semitas

347 571 490 612 Virginei
514 571 656 611 pudoris.

368 705 415 736 In
440 705 472 739 2.
496 703 725 737 Nocturno.

446 786 640 823 Antiphonae.

269 871 277 879 .
304 845 415 879 Cordis
440 845 544 885 signat
566 845 720 878 laetitiam

350 891 462 924 Sereni
486 892 590 924 vultus
612 893 728 934 lumen,

303 938 383 970 Nam
410 938 559 970 mundam
586 939 808 970 conscientiam

350 985 418 1018 Sibi
445 985 497 1017 dat
525 985 640 1018 Christi
666 994 791 1018 numen.

244 1060 251 1066 ·
268 1077 275 1084 .
302 1051 410 1084 Verba
433 1051 578 1091 percepit
601 1051 729 1083 auribus

349 1099 394 1131 Et
416 1107 591 1139 pauperum
617 1099 795 1139 clamorem,

301 1145 438 1184 Quorum
462 1145 703 1177 necessitatibus

348 1193 390 1224 Se
414 1192 470 1225 dat
492 1192 743 1225 intercessorem.

267 1285 274 1292 .
299 1258 421 1300 Honor,
448 1267 574 1298 corona,
595 1258 697 1299 gloria

352 1304 533 1338 Confessori
557 1306 661 1348 beato,

305 1353 365 1384 Dei
390 1351 624 1392 magnificentia

350 1400 403 1432 Ad
430 1399 533 1430 coelos
559 1400 690 1432 elevato.

445 1483 649 1519 Responsoria.

269 1568 277 1576 .
308 1541 362 1573 Vir
386 1540 479 1583 lenis,
505 1540 602 1583 mitis,
628 1541 754 1572 humilis

350 1588 392 1620 Se
417 1588 533 1620 clamat
556 1591 765 1631 peccatorem,

304 1636 426 1678 Dulcis,
453 1635 600 1677 blandus,
627 1634 762 1667 affabilis

351 1683 420 1715 Nec
446 1682 583 1722 despicit
606 1682 757 1714 minorem

302 1731 545 1772 Egenorumque
569 1729 696 1770 pabulis

353 1778 394 1811 Se
417 1777 553 1818 praebet
577 1777 771 1821 servitorem,

264 1852 271 1859 .
302 1826 462 1866 Leprosos
487 1825 598 1856 lavans
623 1825 738 1857 osculis

300 1873 424 1906 Mulcet
449 1872 613 1912 cultusque
637 1872 752 1904 nobilis

351 1920 392 1953 Se
418 1922 574 1952 monstrat
598 1922 855 1960 contemptorem.

267 2013 274 2020 .
301 1987 360 2020 Vir
385 1989 490 2019 rectus
516 1995 535 2018 a
556 1986 681 2026 justitia

351 2034 423 2066 Non
448 2033 537 2065 novit
563 2033 734 2073 declinare,

302 2084 413 2122 Amor,
441 2080 499 2121 viS,
525 2089 647 2123 munUS,
675 2081 749 2112 odia

347 2129 442 2161 Hunc
465 2130 624 2167 nequeunt
647 2128 787 2173 turbare,

301 2177 355 2210 Sic
379 2174 524 2217 perfecta
544 2175 667 2214 judicia

348 2221 515 2257 Perfectus
540 2222 601 2253 scit
625 2231 742 2263 amare,

261 2300 268 2307 .
300 2274 418 2306 Juncta
442 2269 661 2302 misericordia

301 2320 530 2353 Damnatorum
556 2317 714 2357 supplicia

349 2365 492 2399 Docebat
520 2365 698 2405 deplorare.

923 198 954 230 3.
980 196 1126 230 Caritatis
1151 196 1297 227 incendio

925 846 954 879 1.

1030 245 1168 277 Salutem
1195 242 1367 275 animarum

983 291 1096 324 Verbis
1122 290 1189 321 sitit
1213 292 1245 320 et
1268 290 1373 321 studio

1029 337 1157 370 Viribus
1181 337 1400 372 medullarum,

982 385 1066 417 Hinc
1089 384 1175 416 nullo
1200 387 1313 423 pensat
1337 383 1448 423 pretio,

1030 431 1118 471 Quod
1143 431 1277 462 mundus
1303 430 1399 461 habet
1415 438 1531 468 carum,

983 479 1067 511 Hinc
1090 478 1161 519 pius
1184 478 1218 509 in
1243 477 1393 517 obsequio

984 526 1102 566 Egenis
1126 524 1164 555 fit
1187 524 1304 556 auxilio

1030 571 1196 612 Plerisque
1219 571 1251 603 in
1277 579 1457 611 poenarum.

1047 706 1092 738 In
1119 705 1149 738 3.
1176 703 1404 736 Nocturno.

1127 787 1321 824 Antiphonae.

980 847 1018 879 In
1043 847 1148 878 monte
1172 844 1240 876 sine
1263 845 1387 876 macula

1030 892 1154 932 Quievit
1178 892 1342 933 castitatis,

981 940 1044 973 Hic
1067 939 1128 972 Dei
1152 938 1356 971 tabernacula

1027 986 1160 1018 Habitat
1187 995 1255 1017 cum
1280 986 1392 1019 bcatiS.

984 1052 1109 1085 Invenit
1134 1053 1188 1083 tua
1214 1051 1344 1083 dextera

1030 1100 1155 1140 Omnes,
1182 1098 1235 1138 qui
1261 1101 1293 1129 tc
1317 1098 1460 1140 oderunt,

984 1147 1112 1179 Cunctis
1139 1145 1211 1177 dum
1238 1145 1336 1177 donas
1362 1154 1502 1185 munera,

1030 1193 1089 1232 Qui
1113 1192 1172 1224 tibi
1196 1193 1280 1224 mala
1304 1195 1467 1232 quaerunt.

950 1284 957 1291 .
985 1260 1097 1293 Cordis
1122 1258 1241 1290 habens
1265 1258 1451 1290 munditiam

1030 1307 1074 1339 Et
1096 1315 1222 1337 manum
1246 1305 1444 1337 innocentem

983 1353 1139 1385 Ascendit
1162 1353 1275 1384 montis
1301 1353 1431 1392 gloriam

1030 1401 1171 1432 Terrena
1195 1399 1480 1432 transcendentem.

1120 1484 1326 1519 Responsoria.

950 1570 958 1577 .
984 1543 1023 1575 In
1048 1550 1168 1574 summa
1192 1541 1279 1573 vehit
1302 1541 1448 1581 spiritum

1033 1588 1192 1622 Orationis
1217 1588 1286 1628 alis,

984 1636 1149 1669 Fervescit
1171 1635 1205 1666 in
1229 1636 1377 1667 intuitum

1031 1684 1212 1722 Adspectus
1238 1681 1370 1721 facialis,

985 1731 1108 1763 Devote
1132 1729 1269 1762 fundens
1293 1731 1442 1771 gemitum

1030 1779 1093 1812 Pro
1118 1777 1297 1809 retractivis
1321 1778 1431 1819 malis,

985 1826 1038 1859 Sic
1063 1825 1158 1858 sentit
1184 1833 1238 1856 cor
1261 1825 1449 1865 imbibitum,

984 1873 1031 1906 Ut
1055 1882 1122 1905 cum
1150 1873 1237 1904 venit
1260 1873 1301 1904 ad
1328 1873 1475 1913 reditum,

1033 1920 1102 1952 Nec
1126 1922 1219 1960 paret
1242 1921 1406 1954 sensualis,

987 1986 1113 2020 1nvicta
1137 1987 1291 2025 patientia

1035 2033 1153 2067 Christi
1178 2037 1281 2065 armat
1304 2034 1465 2077 athletam,

988 2082 1191 2120 Contemptus
1217 2084 1249 2112 et
1273 2081 1447 2121 opprobria

1032 2130 1174 2161 Mentem
1199 2136 1274 2160 vere
1299 2128 1447 2171 quietam,

985 2177 1102 2209 Rerum
1128 2184 1250 2215 quoque
1276 2175 1445 2215 dispendia

1031 2222 1175 2256 Probant
1198 2232 1277 2262 pace
1301 2224 1467 2266 repletam,

915 2271 953 2305 V.
983 2271 1084 2312 Mors,
1110 2270 1252 2311 languor,
1280 2271 1337 2311 vis,
1364 2270 1493 2303 fallacia

986 2318 1055 2350 Nec
1079 2317 1207 2350 tristant
1233 2327 1375 2359 quaeque
1399 2319 1504 2351 tristia

1033 2367 1181 2398 Animam
1206 2374 1331 2406 semper
1356 2367 1481 2400 laetam.
