1650 2587
274 204 348 245 Cur,
375 215 393 237 o
417 206 543 247 Caesar,

322 253 503 285 exclamans
530 255 648 295 desipis

276 312 528 321 --------

324 357 684 372 -----------

409 407 615 443 Responsoria.

238 479 245 487 .
271 454 464 487 Blandiente

319 504 412 541 patre
436 502 564 536 Tiberio

273 546 393 580 Sonant
416 550 545 589 plausus

321 598 353 627 et
377 599 487 629 cantus
511 597 635 641 musici,

273 642 335 674 Sed
361 642 465 675 fidelis

317 690 457 722 athletae
481 693 562 723 ratio

270 736 341 768 Non
367 740 417 769 est
440 742 526 771 mota

319 787 413 816 cantu
436 785 615 828 multiplici,

272 829 336 863 Sed
361 840 420 863 nec
443 833 528 872 patri

318 879 404 909 cedit
426 888 485 911 nec
506 880 606 919 judici

270 925 395 958 Saniori

317 971 417 1004 fretus
444 972 582 1004 consilio.

228 1044 235 1051 .
266 1018 406 1058 Regnum
433 1022 592 1051 terrenum

315 1068 346 1096 et
359 1074 435 1105 opes
445 1068 572 1105 reputat
581 1067 670 1105 quasi
680 1076 820 1101 caenum.

232 1148 239 1155 .
267 1121 368 1154 crans
392 1124 515 1162 martyr

313 1168 399 1200 intra
425 1168 602 1201 cubiculum

265 1214 350 1247 Miro
375 1214 477 1256 fulget

314 1262 429 1295 decore
452 1263 590 1303 luminis,

266 1309 357 1349 Quod
381 1313 417 1341 ut
440 1313 534 1350 pater

310 1357 400 1388 novit
422 1358 618 1397 miraculum,

265 1402 389 1435 Numen
414 1407 501 1436 ratus

308 1451 436 1490 gentilis
459 1451 602 1492 nominis,

264 1497 342 1530 Mox
365 1498 563 1530 subinstrans

310 1545 437 1577 interna
459 1545 578 1577 liminis

263 1593 458 1632 Angelorum

311 1639 400 1671 videt
425 1641 601 1679 oraculum;

222 1713 230 1720 .
261 1687 378 1719 Lucem
404 1687 537 1728 fulgoris

309 1735 421 1767 dulcor
445 1735 613 1767 comitatur
638 1734 755 1768 odoris.

226 1817 233 1824 .
261 1792 345 1823 Dum
369 1792 503 1824 rimatur

311 1839 400 1871 dotes
425 1840 600 1879 aetherem,

261 1886 344 1925 Quas
369 1887 481 1926 gentili

306 1942 371 1965 non
394 1934 471 1966 licet
496 1941 634 1973 cernere,

261 1981 432 2014 Oculorum
460 1982 566 2013 lumen

306 2027 419 2060 infelix
443 2028 561 2061 Heleas

259 2077 301 2110 Se
326 2078 488 2108 caecatum

305 2124 403 2164 gemit
427 2123 583 2162 amittere,

258 2171 322 2204 Sed
347 2170 474 2211 Jupiter

304 2227 382 2259 quas
406 2219 515 2258 nequit
539 2217 685 2260 reddere,

256 2266 378 2300 Reddit
401 2268 524 2306 martyr

299 2313 431 2346 videndi
455 2314 573 2353 lineas3

185 2363 225 2399 V.
254 2361 409 2395 Subvenit
432 2361 558 2401 ingrato

305 2409 393 2451 patri
419 2409 494 2441 data
519 2407 622 2449 gratia
645 2410 729 2441 nato.

817 117 885 152 249
933 137 980 142 —

1013 215 1061 246 In
1087 215 1119 247 2.
1142 214 1373 247 Nocturno.

1094 278 1287 314 Antiphonae.

895 336 926 369 1.
952 336 1016 367 Aes
1043 334 1209 368 conflatum

998 385 1093 422 atque
1117 383 1277 421 sculptilia

952 429 1023 461 Non
1048 431 1121 461 sunt
1146 429 1190 461 dii

999 476 1055 507 sed
1081 478 1154 507 sunt
1178 476 1351 517 daemonia,

954 522 1071 561 Quibus
1096 530 1201 553 rerum

997 568 1099 601 factor
1123 568 1299 609 offenditur,

949 616 992 647 Et
1016 619 1202 648 tormentum

1000 663 1110 695 mortis
1135 664 1317 702 acquiritur.

893 720 923 750 2.
951 720 1103 759 Princeps
1128 720 1196 751 irae

999 765 1106 798 furore
1130 766 1269 806 rabidus,

950 814 1156 845 Insultantom

993 864 1132 891 mactare
1157 861 1298 900 cupidus,

949 906 1062 938 Fustes
1084 905 1162 938 ferri

992 954 1106 992 jubens
1131 954 1161 984 in
1188 955 1324 986 medium

949 1000 1098 1032 Sanctum
1122 1001 1212 1032 caedi

996 1045 1071 1078 fecit
1095 1047 1267 1080 Tiberium.

890 1103 920 1134 3.
949 1103 1025 1134 Post
1049 1106 1192 1134 exactum

995 1150 1130 1189 rigorem
1155 1148 1285 1181 fustium

947 1196 1149 1228 Latomorum

993 1244 1094 1275 saevit
1118 1244 1257 1284 exitium,

946 1291 1014 1322 Has
1038 1300 1097 1330 pro
1123 1291 1249 1323 Christo

990 1341 1112 1379 martyr
1135 1338 1268 1376 injurias

948 1385 1067 1424 Sponte
1090 1383 1196 1416 ferens

993 1431 1150 1471 impendit
1173 1432 1301 1471 gratias.

1080 1515 1285 1551 Responsoria.

887 1583 918 1614 1.
945 1583 1028 1615 Puer
1053 1582 1132 1614 coeli

993 1631 1125 1662 ducente
1148 1630 1256 1661 nuntio

943 1677 1195 1717 Transmigravi‘n

987 1724 1137 1757 Modesto
1161 1724 1275 1756 comite

943 1772 1021 1804 Avis
1046 1773 1125 1804 miro

989 1824 1100 1859 pastus
1124 1818 1277 1859 subsidio,

940 1867 991 1898 Ab
1015 1866 1133 1899 Arauri

987 1923 1050 1946 non
1075 1915 1167 1953 longe
1190 1914 1313 1953 gurgite

940 1961 1062 1994 Umbra
1088 1961 1176 1992 cedri

987 2007 1119 2041 virentis
1143 2008 1289 2048 hospitae

941 2056 1002 2088 Pro
1025 2055 1157 2088 solemni

989 2102 1050 2134 fuit
1073 2103 1222 2141 hospitio.

875 2151 911 2183 V.
941 2150 1035 2182 Eruit
1059 2151 1111 2182 hic
1134 2150 1248 2182 multos

991 2198 1075 2230 vitiis
1101 2200 1133 2228 et
1157 2200 1257 2229 morte
1281 2198 1431 2239 sepultos.

882 2266 913 2297 2.
940 2264 1122 2296 Accersitus

989 2314 1111 2351 martyr
1136 2311 1282 2344 Tiberius

941 2359 1074 2391 Romam
1098 2359 1186 2391 venit

989 2416 1058 2439 cum
1083 2407 1166 2447 regis
1190 2408 1309 2451 nuntio,
