1650 2587
738 137 995 173 —259—

285 225 474 260 Mirificavit
496 231 599 270 gratia

286 273 440 314 Illiusque
466 278 625 317 complens
650 284 724 312 vota

285 319 475 353 Transvexit
500 333 595 364 super
619 326 757 359 aethera.

252 402 257 408 .
286 375 515 418 Conlaetemur,
542 382 619 414 Jesu
645 382 735 420 bone,

284 422 387 463 Hujus
412 428 514 458 sancti
539 426 611 459 fulti
635 438 731 468 prece

285 470 434 511 Valerici,
461 482 551 512 quem
576 475 694 508 lumine

284 516 379 550 Probi
405 524 586 553 vernantem
613 524 717 561 operis

281 563 357 597 Tuis
382 567 515 599 adscisti
539 569 673 608 gaudiiS.

247 645 254 652 .
283 619 402 662 Gloria,
430 623 564 667 Christe,
592 628 717 665 perpeti

282 666 431 701 Sanctum
456 672 543 704 tuum
569 675 727 705 coronasti

281 714 460 748 Valericum
484 727 542 758 pro
567 720 688 752 meritis

281 761 494 802 Supernorum
520 775 557 797 ac
582 767 694 799 civium

281 809 480 843 Constituisti
505 815 634 846 socium.

246 890 253 896 .
280 865 389 898 Justus
413 867 567 901 Dominus
591 874 622 901 et
645 875 767 910 potens,

278 912 455 954 Perpetuae
479 925 536 948 rex
560 917 689 958 gloriae,

277 959 368 992 Justo
393 970 449 993 suo
474 963 619 995 Valerico

278 1005 419 1039 Contulit
441 1009 669 1041 lucidissimum

278 1054 370 1085 Vitae
394 1057 542 1093 perennis
568 1057 720 1089 bravium.

333 1130 348 1161 I
362 1139 382 1160 n
410 1131 439 1163 2.
468 1130 524 1163 No
536 1134 695 1165 cturno.

421 1181 615 1217 Antiphonae.

215 1224 243 1255 1.
271 1222 455 1263 Requiescit
479 1226 694 1258 sanctissimus

275 1270 439 1302 Valericus
462 1271 494 1303 in
521 1273 628 1311 superi

271 1317 381 1356 Quiete
407 1318 548 1357 capitolii

273 1366 371 1402 Quam
396 1364 551 1397 fructibus
578 1366 739 1405 gratificae

274 1410 466 1444 Commeruit
487 1414 639 1453 justitiae.

235 1492 242 1499 .
271 1467 436 1509 Religione
459 1473 620 1501 strenuum

270 1514 508 1547 sanctissimum
538 1517 714 1549 Valericum

270 1562 471 1595 Conservasti
495 1568 540 1603 tu,
567 1563 709 1608 Domine,

269 1610 304 1641 In
330 1614 383 1642 tuo
409 1619 535 1650 semper
560 1619 664 1651 opere,

266 1656 332 1695 Quo
358 1666 441 1689 nunc
467 1666 595 1690 consors
622 1661 669 1689 est
690 1660 818 1700 gloriae.

231 1741 238 1747 .
268 1713 336 1746 Non
363 1713 521 1747 fraudasti
546 1723 626 1754 eum,
655 1714 789 1756 Christe,

267 1760 380 1794 Cordis
406 1763 473 1801 ejus
501 1763 663 1795 voluntate

265 1808 308 1840 Et
335 1818 482 1841 eoronam
507 1810 541 1841 in
568 1809 670 1849 eapite

262 1855 313 1887 Ex
338 1857 478 1895 pretioso
503 1857 612 1896 lapide

263 1902 456 1944 Imposuisti,
482 1904 627 1936 Domine.

228 1984 235 1991 .
264 1959 418 1992 Innocens
443 1961 587 1992 manibus
613 1964 707 2000 atque

261 2007 401 2039 Mundus
427 2008 524 2039 corde
547 2011 577 2038 et
603 2016 744 2051 corpore,

262 2055 427 2086 Valericus
452 2053 617 2094 almifluus,

262 2102 409 2134 Concinis
431 2102 515 2134 inter
540 2110 655 2142 supera

234 2161 237 2164 ·
260 2149 458 2188 Sanctorum,
487 2152 620 2189 constat,
647 2150 781 2189 agmina.

226 2234 231 2239 .
258 2206 397 2246 Exaudi,
424 2206 521 2246 Deus,
548 2206 706 2247 proprios,

259 2253 355 2292 Quem
380 2254 471 2285 decet
495 2254 640 2294 hymnuS,
667 2254 799 2287 famulos

257 2301 360 2333 Almis
385 2300 470 2332 beati
496 2301 643 2341 precibus

257 2348 397 2381 Valerici
422 2349 590 2389 propitius,

258 2397 354 2436 Quem
380 2396 503 2436 elegisti
530 2396 671 2431 coelitus.

905 236 936 268 6.

963 234 1062 273 Quam
1086 237 1267 275 praeclarus
1292 237 1325 269 in
1350 247 1497 277 supremo

962 282 1065 314 Aulae
1090 284 1233 314 coelestis
1258 285 1348 324 solio,

963 328 1100 360 Turmae
1125 338 1251 362 consors
1275 332 1446 373 angelicae,

964 374 1132 408 Confessor
1157 377 1273 415 adstas,
1300 378 1411 409 inclite

965 421 1117 463 Valerice,
1144 432 1234 463 quem
1260 425 1372 456 devote

961 467 1178 510 Deposoimus‚
1206 479 1261 503 nos
1284 470 1393 503 refove

960 515 1066 554 Atque
1090 517 1207 549 tuendo
1231 518 1374 558 provide.

1025 641 1069 673 In
1093 644 1123 675 3.
1150 642 1378 677 Nocturno.

1104 716 1149 743 Ad
1171 716 1299 745 Cantica.

920 806 927 813 .
957 781 1015 813 Vir
1039 781 1166 814 Domini
1191 784 1355 815 Valericus

959 827 1127 861 Confessor
1152 833 1184 860 et
1207 831 1348 870 eximiuS,

956 875 1039 906 Dum
1063 875 1191 908 floreret
1214 877 1246 909 in
1271 878 1430 910 schemate

955 922 1078 954 Indolis
1103 923 1365 962 gratantissimae,

957 969 1082 1001 Christo
1108 970 1220 1001 mentis
1245 972 1443 1010 perliquidae

955 1014 1035 1046 Toto
1060 1017 1192 1048 servivit
1215 1020 1353 1055 pectore.

1066 1144 1094 1173 A
1106 1142 1127 1173 (1
1151 1141 1179 1173 L
1188 1151 1207 1173 a
1215 1153 1235 1176 u
1246 1144 1266 1175 d
1277 1151 1295 1174 e
1303 1153 1328 1176 s.

1095 1215 1290 1251 Antiphonae.

918 1305 924 1312 .
951 1281 1075 1314 Relicto
1101 1283 1153 1313 hic
1177 1291 1290 1323 nempe
1314 1285 1381 1316 solo

951 1327 1013 1359 Dei
1037 1327 1172 1361 famulus
1198 1332 1311 1374 patriO,

953 1375 1063 1407 Vitans
1088 1377 1246 1408 saeculum
1273 1377 1387 1418 fragile

951 1421 989 1453 In
1013 1424 1124 1454 summi
1149 1426 1264 1455 montis
1289 1425 1389 1456 latere

951 1469 1011 1500 Tot
1035 1471 1126 1502 aunis
1151 1471 1322 1503 solitudine

950 1515 1026 1547 Sese
1050 1517 1194 1549 subdidit
1219 1520 1326 1551 eremi.

945 1570 1014 1603 Hoc
1038 1574 1155 1613 quippe
1180 1573 1304 1605 clausus
1329 1575 1442 1614 loculo,

948 1618 1031 1650 Divo
1056 1620 1155 1651 fluens
1180 1621 1291 1653 solatio

948 1665 1111 1698 Valericus
1136 1672 1187 1698 sat
1211 1669 1329 1700 arduae

949 1713 1041 1745 Vitae
1064 1715 1217 1754 pergebat
1241 1716 1377 1756 tramite,

947 1760 1013 1799 Quo
1038 1763 1167 1794 tandem
1192 1771 1287 1794 ovans
1313 1771 1460 1803 suprema

947 1807 1115 1841 Scandidit
1138 1809 1204 1849 poli
1229 1811 1375 1845 culmina.

911 1888 918 1896 .
944 1864 1008 1895 Hic
1029 1866 1178 1905 martyris
1204 1867 1347 1908 exiguam

944 1911 1063 1944 Juliani
1087 1913 1252 1944 basilicam

944 1959 1116 2000 Fundavit,
1142 1960 1175 1991 in
1200 1968 1262 1999 qua
1285 1963 1449 2000 proprium

944 2006 1107 2038 Adnexuit
1130 2008 1334 2048 mausoleum,

942 2054 1010 2092 Qua
1035 2054 1179 2086 conditus
1204 2054 1337 2086 mirifice

940 2100 1100 2133 Virtutum
1125 2101 1225 2140 pollet
1248 2103 1376 2134 lumine.

942 2157 1138 2198 Fulgescunt
1162 2158 1210 2188 his
1235 2168 1308 2190 nam
1332 2159 1469 2198 plurima

943 2204 1171 2237 Miraculorum
1196 2213 1313 2245 genera

943 2251 1109 2293 signorum
1133 2256 1227 2292 atque
1250 2254 1400 2293 lampade

941 2299 1044 2332 Locus
1069 2300 1195 2332 renidet
1218 2300 1333 2341 lucide,

942 2346 1061 2385 Quibus
1085 2348 1240 2380 laetamur
1264 2350 1384 2386 sedule,

942 2395 966 2428 O
993 2396 1139 2428 Valeriee
1162 2397 1307 2429 maxime.

1264 2450 1323 2479 17*
