<?xml version="1.0" encoding="UTF-8"?>
<!DOCTYPE html PUBLIC "-//W3C//DTD XHTML 1.0 Transitional//EN"
    "http://www.w3.org/TR/xhtml1/DTD/xhtml1-transitional.dtd">
<html xmlns="http://www.w3.org/1999/xhtml" xml:lang="en" lang="en">
 <head>
  <title>
</title>
<meta http-equiv="Content-Type" content="text/html;charset=utf-8" />
  <meta name='ocr-system' content='tesseract 3.04.00' />
  <meta name='ocr-capabilities' content='ocr_page ocr_carea ocr_par ocr_line ocrx_word'/>
</head>
<body>
  <div class='ocr_page' id='page_1' title='image "./analectahymnica18drevuoft_00212.png"; bbox 0 0 1650 2587; ppageno 0'>
   <div class='ocr_carea' id='block_1_1' title="bbox 717 123 975 160">
    <p class='ocr_par' dir='ltr' id='par_1_1' title="bbox 717 123 975 160">
     <span class='ocr_line' id='line_1_1' title="bbox 717 123 975 160; baseline -0.019 1"><span class='ocrx_word' id='word_1_1' title='bbox 717 123 975 160; x_wconf 78' lang='lat'>—209-</span> 
     </span>
    </p>
   </div>
   <div class='ocr_carea' id='block_1_2' title="bbox 642 214 1054 248">
    <p class='ocr_par' dir='ltr' id='par_1_2' title="bbox 642 214 1054 248">
     <span class='ocr_line' id='line_1_2' title="bbox 642 214 1054 248; baseline -0.002 -2"><span class='ocrx_word' id='word_1_2' title='bbox 642 217 687 247; x_wconf 88' lang='grc'>79.</span> <span class='ocrx_word' id='word_1_3' title='bbox 726 217 770 248; x_wconf 73' lang='lat' dir='ltr'>De</span> <span class='ocrx_word' id='word_1_4' title='bbox 789 215 895 246; x_wconf 83' lang='lat' dir='ltr'>sancto</span> <span class='ocrx_word' id='word_1_5' title='bbox 915 214 1054 246; x_wconf 85' lang='lat' dir='ltr'>Photino.</span> 
     </span>
    </p>
   </div>
   <div class='ocr_carea' id='block_1_3' title="bbox 331 283 676 383">
    <p class='ocr_par' dir='ltr' id='par_1_3' title="bbox 331 283 676 383">
     <span class='ocr_line' id='line_1_3' title="bbox 331 283 676 323; baseline 0.003 -8"><span class='ocrx_word' id='word_1_6' title='bbox 331 284 377 315; x_wconf 93' lang='lat' dir='ltr'>In</span> <span class='ocrx_word' id='word_1_7' title='bbox 405 283 436 315; x_wconf 83' lang='lat'>1.</span> <span class='ocrx_word' id='word_1_8' title='bbox 462 283 676 323; x_wconf 84' lang='lat' dir='ltr'>Vesperis.</span> 
     </span>
     <span class='ocr_line' id='line_1_4' title="bbox 379 346 625 383; baseline 0.004 -9"><span class='ocrx_word' id='word_1_9' title='bbox 379 346 425 374; x_wconf 81' lang='lat' dir='ltr'>Ad</span> <span class='ocrx_word' id='word_1_10' title='bbox 445 347 625 383; x_wconf 77' lang='lat' dir='ltr'>Magnificat-</span> 
     </span>
    </p>
   </div>
   <div class='ocr_carea' id='block_1_4' title="bbox 188 404 646 1004">
    <p class='ocr_par' dir='ltr' id='par_1_4' title="bbox 188 404 646 1004">
     <span class='ocr_line' id='line_1_5' title="bbox 188 404 568 447; baseline 0.003 -12"><span class='ocrx_word' id='word_1_11' title='bbox 188 405 229 436; x_wconf 90' lang='lat' dir='ltr'>A.</span> <span class='ocrx_word' id='word_1_12' title='bbox 260 405 285 438; x_wconf 95' lang='grc' dir='ltr'>Ο</span> <span class='ocrx_word' id='word_1_13' title='bbox 310 404 568 447; x_wconf 80' lang='lat' dir='ltr'><strong>Lugdunensium</strong></span> 
     </span>
     <span class='ocr_line' id='line_1_6' title="bbox 261 452 646 493; baseline 0 -9"><span class='ocrx_word' id='word_1_14' title='bbox 261 452 332 484; x_wconf 86' lang='lat' dir='ltr'>Lux</span> <span class='ocrx_word' id='word_1_15' title='bbox 357 461 472 485; x_wconf 87' lang='lat' dir='ltr'>ornans</span> <span class='ocrx_word' id='word_1_16' title='bbox 497 453 646 493; x_wconf 81' lang='lat' dir='ltr'>patriam,</span> 
     </span>
     <span class='ocr_line' id='line_1_7' title="bbox 262 499 609 539; baseline 0 -7"><span class='ocrx_word' id='word_1_17' title='bbox 262 499 422 532; x_wconf 81' lang='lat' dir='ltr'><strong>Virtutum</strong></span> <span class='ocrx_word' id='word_1_18' title='bbox 447 501 609 539; x_wconf 89' lang='lat' dir='ltr'>speculum</span> 
     </span>
     <span class='ocr_line' id='line_1_8' title="bbox 262 546 637 590; baseline 0.003 -12"><span class='ocrx_word' id='word_1_19' title='bbox 262 547 411 579; x_wconf 87' lang='lat' dir='ltr'>Pandens</span> <span class='ocrx_word' id='word_1_20' title='bbox 439 546 522 579; x_wconf 82' lang='lat' dir='ltr'>vitae</span> <span class='ocrx_word' id='word_1_21' title='bbox 544 547 637 590; x_wconf 88' lang='lat' dir='ltr'>viam,</span> 
     </span>
     <span class='ocr_line' id='line_1_9' title="bbox 265 593 581 633; baseline 0 -8"><span class='ocrx_word' id='word_1_22' title='bbox 265 594 325 633; x_wconf 73' lang='lat' dir='ltr'>Qui</span> <span class='ocrx_word' id='word_1_23' title='bbox 349 597 414 626; x_wconf 88' lang='lat' dir='ltr'>tam</span> <span class='ocrx_word' id='word_1_24' title='bbox 440 593 581 626; x_wconf 87' lang='lat' dir='ltr'>salvifice</span> 
     </span>
     <span class='ocr_line' id='line_1_10' title="bbox 263 641 577 681; baseline 0 -9"><span class='ocrx_word' id='word_1_25' title='bbox 263 641 388 681; x_wconf 85' lang='lat' dir='ltr'>Regens</span> <span class='ocrx_word' id='word_1_26' title='bbox 413 641 577 673; x_wconf 83' lang='lat' dir='ltr'>ecclesiam</span> 
     </span>
     <span class='ocr_line' id='line_1_11' title="bbox 263 688 529 720; baseline 0.004 -1"><span class='ocrx_word' id='word_1_27' title='bbox 263 688 347 720; x_wconf 86' lang='lat' dir='ltr'>Fide</span> <span class='ocrx_word' id='word_1_28' title='bbox 372 688 529 720; x_wconf 86' lang='lat' dir='ltr'>catholica</span> 
     </span>
     <span class='ocr_line' id='line_1_12' title="bbox 265 734 566 777; baseline 0.003 -11"><span class='ocrx_word' id='word_1_29' title='bbox 265 735 394 767; x_wconf 85' lang='lat' dir='ltr'>Dotasti</span> <span class='ocrx_word' id='word_1_30' title='bbox 418 734 566 777; x_wconf 84' lang='lat' dir='ltr'>Galliam,</span> 
     </span>
     <span class='ocr_line' id='line_1_13' title="bbox 263 782 529 823; baseline 0.004 -10"><span class='ocrx_word' id='word_1_31' title='bbox 263 782 405 822; x_wconf 85' lang='lat' dir='ltr'>Impetra</span> <span class='ocrx_word' id='word_1_32' title='bbox 427 782 529 823; x_wconf 90' lang='lat' dir='ltr'>nobis,</span> 
     </span>
     <span class='ocr_line' id='line_1_14' title="bbox 262 829 520 870; baseline -0.008 -8"><span class='ocrx_word' id='word_1_33' title='bbox 262 830 368 870; x_wconf 87' lang='lat' dir='ltr'>Pater,</span> <span class='ocrx_word' id='word_1_34' title='bbox 393 829 520 862; x_wconf 86' lang='lat' dir='ltr'>veniam</span> 
     </span>
     <span class='ocr_line' id='line_1_15' title="bbox 263 876 585 908; baseline 0.003 -1"><span class='ocrx_word' id='word_1_35' title='bbox 263 876 309 908; x_wconf 88' lang='lat' dir='ltr'>Et</span> <span class='ocrx_word' id='word_1_36' title='bbox 331 876 411 908; x_wconf 85' lang='lat' dir='ltr'>lucis</span> <span class='ocrx_word' id='word_1_37' title='bbox 436 879 585 908; x_wconf 80' lang='lat' dir='ltr'>aeternae</span> 
     </span>
     <span class='ocr_line' id='line_1_16' title="bbox 263 923 558 955; baseline -0.003 0"><span class='ocrx_word' id='word_1_38' title='bbox 263 923 379 955; x_wconf 84' lang='lat' dir='ltr'><strong>Veram</strong></span> <span class='ocrx_word' id='word_1_39' title='bbox 404 923 558 955; x_wconf 79' lang='lat' dir='ltr'>laetitiam</span> 
     </span>
     <span class='ocr_line' id='line_1_17' title="bbox 264 970 558 1004; baseline 0.003 -2"><span class='ocrx_word' id='word_1_40' title='bbox 264 970 341 1002; x_wconf 82' lang='lat' dir='ltr'>Cum</span> <span class='ocrx_word' id='word_1_41' title='bbox 366 970 430 1002; x_wconf 77' lang='lat' dir='ltr'>tuis</span> <span class='ocrx_word' id='word_1_42' title='bbox 454 970 558 1004; x_wconf 81' lang='lat' dir='ltr'>sociis,</span> 
     </span>
    </p>
   </div>
   <div class='ocr_carea' id='block_1_5' title="bbox 322 1044 680 1076">
    <p class='ocr_par' dir='ltr' id='par_1_5' title="bbox 322 1044 680 1076">
     <span class='ocr_line' id='line_1_18' title="bbox 322 1044 680 1076; baseline -0.008 0"><span class='ocrx_word' id='word_1_43' title='bbox 322 1045 385 1076; x_wconf 91' lang='lat' dir='ltr'>Ad</span> <span class='ocrx_word' id='word_1_44' title='bbox 410 1044 680 1076; x_wconf 74' lang='lat' dir='ltr'>matutinum.</span> 
     </span>
    </p>
   </div>
   <div class='ocr_carea' id='block_1_6' title="bbox 400 1104 615 1131">
    <p class='ocr_par' dir='ltr' id='par_1_6' title="bbox 400 1104 615 1131">
     <span class='ocr_line' id='line_1_19' title="bbox 400 1104 615 1131; baseline 0 0"><span class='ocrx_word' id='word_1_45' title='bbox 400 1104 615 1131; x_wconf 79' lang='lat' dir='ltr'>Invitatorium.</span> 
     </span>
    </p>
   </div>
   <div class='ocr_carea' id='block_1_7' title="bbox 263 1157 665 1285">
    <p class='ocr_par' dir='ltr' id='par_1_7' title="bbox 263 1157 665 1285">
     <span class='ocr_line' id='line_1_20' title="bbox 263 1157 665 1199; baseline -0.007 -9"><span class='ocrx_word' id='word_1_46' title='bbox 263 1158 415 1197; x_wconf 75' lang='lat' dir='ltr'>Alleluia,</span> <span class='ocrx_word' id='word_1_47' title='bbox 441 1157 546 1189; x_wconf 90' lang='lat' dir='ltr'>lumen</span> <span class='ocrx_word' id='word_1_48' title='bbox 573 1158 665 1199; x_wconf 87' lang='lat' dir='ltr'>vitae,</span> 
     </span>
     <span class='ocr_line' id='line_1_21' title="bbox 263 1205 582 1245; baseline -0.006 -8"><span class='ocrx_word' id='word_1_49' title='bbox 263 1205 383 1245; x_wconf 83' lang='lat' dir='ltr'>Regem</span> <span class='ocrx_word' id='word_1_50' title='bbox 407 1207 582 1244; x_wconf 82' lang='lat' dir='ltr'>martyrum</span> 
     </span>
     <span class='ocr_line' id='line_1_22' title="bbox 263 1251 580 1285; baseline 0.003 -2"><span class='ocrx_word' id='word_1_51' title='bbox 263 1252 379 1284; x_wconf 79' lang='lat' dir='ltr'>Venite</span> <span class='ocrx_word' id='word_1_52' title='bbox 401 1251 580 1285; x_wconf 77' lang='lat' dir='ltr'>adoremus,</span> 
     </span>
    </p>
   </div>
   <div class='ocr_carea' id='block_1_8' title="bbox 330 1335 687 1431">
    <p class='ocr_par' dir='ltr' id='par_1_8' title="bbox 330 1335 687 1431">
     <span class='ocr_line' id='line_1_23' title="bbox 330 1335 687 1368; baseline -0.006 0"><span class='ocrx_word' id='word_1_53' title='bbox 330 1337 374 1368; x_wconf 91' lang='lat' dir='ltr'>In</span> <span class='ocrx_word' id='word_1_54' title='bbox 401 1335 432 1368; x_wconf 90' lang='lat'>1.</span> <span class='ocrx_word' id='word_1_55' title='bbox 456 1335 687 1367; x_wconf 84' lang='lat' dir='ltr'>Nocturno.</span> 
     </span>
     <span class='ocr_line' id='line_1_24' title="bbox 406 1395 601 1431; baseline 0.005 -9"><span class='ocrx_word' id='word_1_56' title='bbox 406 1395 601 1431; x_wconf 84' lang='lat' dir='ltr'>Antiphonae.</span> 
     </span>
    </p>
   </div>
   <div class='ocr_carea' id='block_1_9' title="bbox 207 1447 721 1670">
    <p class='ocr_par' dir='ltr' id='par_1_9' title="bbox 207 1447 721 1670">
     <span class='ocr_line' id='line_1_25' title="bbox 207 1447 628 1489; baseline -0.007 -7"><span class='ocrx_word' id='word_1_57' title='bbox 207 1449 238 1484; x_wconf 78' lang='lat'>1.</span> <span class='ocrx_word' id='word_1_58' title='bbox 264 1450 436 1489; x_wconf 83' lang='lat' dir='ltr'>Postquam</span> <span class='ocrx_word' id='word_1_59' title='bbox 456 1447 541 1479; x_wconf 87' lang='lat' dir='ltr'>filius</span> <span class='ocrx_word' id='word_1_60' title='bbox 564 1447 628 1480; x_wconf 84' lang='lat' dir='ltr'>Dei</span> 
     </span>
     <span class='ocr_line' id='line_1_26' title="bbox 310 1495 672 1535; baseline -0.008 -7"><span class='ocrx_word' id='word_1_61' title='bbox 310 1497 365 1528; x_wconf 85' lang='lat' dir='ltr'>Ad</span> <span class='ocrx_word' id='word_1_62' title='bbox 391 1495 493 1527; x_wconf 91' lang='lat' dir='ltr'>coelos</span> <span class='ocrx_word' id='word_1_63' title='bbox 518 1495 672 1535; x_wconf 87' lang='lat' dir='ltr'>ascendit,</span> 
     </span>
     <span class='ocr_line' id='line_1_27' title="bbox 265 1542 622 1576; baseline -0.003 -1"><span class='ocrx_word' id='word_1_64' title='bbox 265 1544 328 1575; x_wconf 89' lang='lat' dir='ltr'>Per</span> <span class='ocrx_word' id='word_1_65' title='bbox 351 1542 521 1576; x_wconf 89' lang='lat' dir='ltr'>Photinum</span> <span class='ocrx_word' id='word_1_66' title='bbox 545 1542 622 1575; x_wconf 88' lang='lat' dir='ltr'>fidei</span> 
     </span>
     <span class='ocr_line' id='line_1_28' title="bbox 310 1588 645 1624; baseline -0.009 -1"><span class='ocrx_word' id='word_1_67' title='bbox 310 1591 397 1624; x_wconf 89' lang='lat' dir='ltr'>Vera</span> <span class='ocrx_word' id='word_1_68' title='bbox 419 1590 475 1621; x_wconf 85' lang='lat' dir='ltr'>lux</span> <span class='ocrx_word' id='word_1_69' title='bbox 500 1588 645 1622; x_wconf 84' lang='lat' dir='ltr'>ascendit</span> 
     </span>
     <span class='ocr_line' id='line_1_29' title="bbox 357 1635 721 1670; baseline -0.008 0"><span class='ocrx_word' id='word_1_70' title='bbox 357 1638 401 1670; x_wconf 86' lang='lat' dir='ltr'>Et</span> <span class='ocrx_word' id='word_1_71' title='bbox 426 1635 517 1668; x_wconf 90' lang='lat' dir='ltr'>fulsit</span> <span class='ocrx_word' id='word_1_72' title='bbox 539 1637 573 1668; x_wconf 91' lang='lat' dir='ltr'>in</span> <span class='ocrx_word' id='word_1_73' title='bbox 598 1635 721 1669; x_wconf 82' lang='lat' dir='ltr'>Galliis.</span> 
     </span>
    </p>
   </div>
   <div class='ocr_carea' id='block_1_10' title="bbox 205 1693 665 1869">
    <p class='ocr_par' dir='ltr' id='par_1_10' title="bbox 205 1693 665 1869">
     <span class='ocr_line' id='line_1_30' title="bbox 205 1693 612 1728; baseline -0.01 0"><span class='ocrx_word' id='word_1_74' title='bbox 205 1697 235 1728; x_wconf 90' lang='lat'>2.</span> <span class='ocrx_word' id='word_1_75' title='bbox 262 1694 325 1727; x_wconf 88' lang='lat' dir='ltr'>Hic</span> <span class='ocrx_word' id='word_1_76' title='bbox 349 1696 424 1726; x_wconf 85' lang='lat' dir='ltr'>ante</span> <span class='ocrx_word' id='word_1_77' title='bbox 446 1693 612 1725; x_wconf 82' lang='lat' dir='ltr'>Irenaeum</span> 
     </span>
     <span class='ocr_line' id='line_1_31' title="bbox 310 1740 665 1780; baseline -0.011 -5"><span class='ocrx_word' id='word_1_78' title='bbox 310 1742 387 1775; x_wconf 82' lang='lat' dir='ltr'>Fuit</span> <span class='ocrx_word' id='word_1_79' title='bbox 410 1740 530 1780; x_wconf 88' lang='lat' dir='ltr'>primus</span> <span class='ocrx_word' id='word_1_80' title='bbox 555 1741 665 1780; x_wconf 86' lang='lat' dir='ltr'>pastor</span> 
     </span>
     <span class='ocr_line' id='line_1_32' title="bbox 261 1787 655 1828; baseline -0.013 -5"><span class='ocrx_word' id='word_1_81' title='bbox 261 1789 360 1823; x_wconf 88' lang='lat' dir='ltr'>Urbis</span> <span class='ocrx_word' id='word_1_82' title='bbox 385 1787 655 1828; x_wconf 86' lang='lat' dir='ltr'>Lugdunensium,</span> 
     </span>
     <span class='ocr_line' id='line_1_33' title="bbox 309 1834 625 1869; baseline -0.006 0"><span class='ocrx_word' id='word_1_83' title='bbox 309 1838 372 1869; x_wconf 87' lang='lat' dir='ltr'>Pro</span> <span class='ocrx_word' id='word_1_84' title='bbox 397 1834 461 1867; x_wconf 89' lang='lat' dir='ltr'>fide</span> <span class='ocrx_word' id='word_1_85' title='bbox 487 1838 625 1868; x_wconf 87' lang='lat' dir='ltr'>certator</span> 
     </span>
    </p>
   </div>
   <div class='ocr_carea' id='block_1_11' title="bbox 357 1881 788 1922">
    <p class='ocr_par' dir='ltr' id='par_1_11' title="bbox 357 1881 788 1922">
     <span class='ocr_line' id='line_1_34' title="bbox 357 1881 788 1922; baseline -0.005 -7"><span class='ocrx_word' id='word_1_86' title='bbox 357 1883 481 1915; x_wconf 81' lang='lat' dir='ltr'>Nomen</span> <span class='ocrx_word' id='word_1_87' title='bbox 504 1883 566 1914; x_wconf 88' lang='lat' dir='ltr'>Dei</span> <span class='ocrx_word' id='word_1_88' title='bbox 589 1881 788 1922; x_wconf 84' lang='lat' dir='ltr'>praedicans.</span> 
     </span>
    </p>
   </div>
   <div class='ocr_carea' id='block_1_12' title="bbox 205 1939 694 2163">
    <p class='ocr_par' dir='ltr' id='par_1_12' title="bbox 205 1939 694 2116">
     <span class='ocr_line' id='line_1_35' title="bbox 205 1939 694 1974; baseline -0.008 0"><span class='ocrx_word' id='word_1_89' title='bbox 205 1942 237 1974; x_wconf 87' lang='lat'>3.</span> <span class='ocrx_word' id='word_1_90' title='bbox 263 1939 404 1974; x_wconf 88' lang='lat' dir='ltr'>Verbum</span> <span class='ocrx_word' id='word_1_91' title='bbox 428 1939 514 1971; x_wconf 89' lang='lat' dir='ltr'>vitae</span> <span class='ocrx_word' id='word_1_92' title='bbox 537 1940 694 1970; x_wconf 89' lang='lat' dir='ltr'>seminans</span> 
     </span>
     <span class='ocr_line' id='line_1_36' title="bbox 309 1986 607 2028; baseline -0.01 -8"><span class='ocrx_word' id='word_1_93' title='bbox 309 1986 489 2020; x_wconf 83' lang='lat' dir='ltr'>Ecclesiam</span> <span class='ocrx_word' id='word_1_94' title='bbox 513 1987 607 2028; x_wconf 87' lang='lat' dir='ltr'>rexit,</span> 
     </span>
     <span class='ocr_line' id='line_1_37' title="bbox 261 2034 588 2068; baseline -0.012 0"><span class='ocrx_word' id='word_1_95' title='bbox 261 2036 398 2068; x_wconf 85' lang='lat' dir='ltr'>Errores</span> <span class='ocrx_word' id='word_1_96' title='bbox 423 2034 588 2065; x_wconf 85' lang='lat' dir='ltr'>eliminans</span> 
     </span>
     <span class='ocr_line' id='line_1_38' title="bbox 310 2081 595 2116; baseline -0.014 0"><span class='ocrx_word' id='word_1_97' title='bbox 310 2082 451 2116; x_wconf 84' lang='lat' dir='ltr'>Patriam</span> <span class='ocrx_word' id='word_1_98' title='bbox 478 2081 595 2113; x_wconf 80' lang='lat' dir='ltr'>direxit</span> 
     </span>
    </p>

    <p class='ocr_par' dir='ltr' id='par_1_13' title="bbox 356 2128 676 2163">
     <span class='ocr_line' id='line_1_39' title="bbox 356 2128 676 2163; baseline -0.009 0"><span class='ocrx_word' id='word_1_99' title='bbox 356 2129 414 2163; x_wconf 85' lang='lat' dir='ltr'>Ad·</span> <span class='ocrx_word' id='word_1_100' title='bbox 435 2129 497 2160; x_wconf 89' lang='lat' dir='ltr'>Dei</span> <span class='ocrx_word' id='word_1_101' title='bbox 521 2128 676 2160; x_wconf 80' lang='lat' dir='ltr'>notitiam.</span> 
     </span>
    </p>
   </div>
   <div class='ocr_carea' id='block_1_13' title="bbox 204 2185 754 2464">
    <p class='ocr_par' dir='ltr' id='par_1_14' title="bbox 204 2185 754 2464">
     <span class='ocr_line' id='line_1_40' title="bbox 204 2185 535 2221; baseline -0.015 0"><span class='ocrx_word' id='word_1_102' title='bbox 204 2189 237 2221; x_wconf 83' lang='lat'>4.</span> <span class='ocrx_word' id='word_1_103' title='bbox 262 2187 394 2220; x_wconf 84' lang='lat' dir='ltr'>Furoris</span> <span class='ocrx_word' id='word_1_104' title='bbox 417 2185 535 2218; x_wconf 89' lang='lat' dir='ltr'>astutia</span> 
     </span>
     <span class='ocr_line' id='line_1_41' title="bbox 311 2233 610 2273; baseline -0.01 -6"><span class='ocrx_word' id='word_1_105' title='bbox 311 2234 418 2266; x_wconf 90' lang='lat' dir='ltr'>Plebis</span> <span class='ocrx_word' id='word_1_106' title='bbox 445 2233 610 2273; x_wconf 82' lang='lat' dir='ltr'>excitatur,</span> 
     </span>
     <span class='ocr_line' id='line_1_42' title="bbox 264 2281 621 2322; baseline -0.014 -6"><span class='ocrx_word' id='word_1_107' title='bbox 264 2283 308 2316; x_wconf 93' lang='lat' dir='ltr'>Ut</span> <span class='ocrx_word' id='word_1_108' title='bbox 331 2289 462 2322; x_wconf 85' lang='lat' dir='ltr'>prorsus</span> <span class='ocrx_word' id='word_1_109' title='bbox 487 2281 621 2312; x_wconf 84' lang='lat' dir='ltr'>ecclesia</span> 
     </span>
     <span class='ocr_line' id='line_1_43' title="bbox 309 2327 617 2367; baseline -0.01 -5"><span class='ocrx_word' id='word_1_110' title='bbox 309 2327 439 2362; x_wconf 84' lang='lat' dir='ltr'>Domini</span> <span class='ocrx_word' id='word_1_111' title='bbox 462 2328 617 2367; x_wconf 79' lang='lat' dir='ltr'>perdatur</span> 
     </span>
     <span class='ocr_line' id='line_1_44' title="bbox 358 2374 679 2414; baseline -0.009 -5"><span class='ocrx_word' id='word_1_112' title='bbox 358 2376 403 2409; x_wconf 89' lang='lat' dir='ltr'>Et</span> <span class='ocrx_word' id='word_1_113' title='bbox 428 2375 494 2414; x_wconf 88' lang='lat' dir='ltr'>ejus</span> <span class='ocrx_word' id='word_1_114' title='bbox 518 2374 679 2407; x_wconf 88' lang='lat' dir='ltr'>memoria.</span> 
     </span>
     <span class='ocr_line' id='line_1_45' title="bbox 248 2431 754 2464; baseline -0.014 -4"><span class='ocrx_word' id='word_1_115' title='bbox 248 2437 374 2464; x_wconf 63' lang='lat' dir='ltr'>Dreros,</span> <span class='ocrx_word' id='word_1_116' title='bbox 390 2433 512 2458; x_wconf 67' lang='lat' dir='ltr'>Historiae</span> <span class='ocrx_word' id='word_1_117' title='bbox 526 2431 680 2462; x_wconf 68' lang='lat' dir='ltr'>rhythmicae.</span> <span class='ocrx_word' id='word_1_118' title='bbox 712 2431 754 2454; x_wconf 84' lang='lat'>111.</span> 
     </span>
    </p>
   </div>
   <div class='ocr_carea' id='block_1_14' title="bbox 887 285 1379 508">
    <p class='ocr_par' dir='ltr' id='par_1_15' title="bbox 887 285 1379 508">
     <span class='ocr_line' id='line_1_46' title="bbox 887 285 1326 325; baseline 0.002 -9"><span class='ocrx_word' id='word_1_119' title='bbox 887 285 918 317; x_wconf 86' lang='lat'>5.</span> <span class='ocrx_word' id='word_1_120' title='bbox 944 285 1185 317; x_wconf 89' lang='lat' dir='ltr'>Tormentorum</span> <span class='ocrx_word' id='word_1_121' title='bbox 1210 294 1326 325; x_wconf 86' lang='lat' dir='ltr'>genera</span> 
     </span>
     <span class='ocr_line' id='line_1_47' title="bbox 992 332 1350 372; baseline 0 -8"><span class='ocrx_word' id='word_1_122' title='bbox 992 332 1096 364; x_wconf 87' lang='lat' dir='ltr'>Multa</span> <span class='ocrx_word' id='word_1_123' title='bbox 1118 335 1350 372; x_wconf 81' lang='lat' dir='ltr'>praeparantur</span> 
     </span>
     <span class='ocr_line' id='line_1_48' title="bbox 945 379 1376 419; baseline 0.005 -9"><span class='ocrx_word' id='word_1_124' title='bbox 945 379 998 411; x_wconf 81' lang='lat' dir='ltr'>Ad</span> <span class='ocrx_word' id='word_1_125' title='bbox 1022 379 1126 419; x_wconf 84' lang='lat' dir='ltr'>finem,</span> <span class='ocrx_word' id='word_1_126' title='bbox 1153 380 1236 419; x_wconf 85' lang='lat' dir='ltr'>quod</span> <span class='ocrx_word' id='word_1_127' title='bbox 1260 389 1376 419; x_wconf 83' lang='lat' dir='ltr'>aspera</span> 
     </span>
     <span class='ocr_line' id='line_1_49' title="bbox 992 427 1316 466; baseline 0 -8"><span class='ocrx_word' id='word_1_128' title='bbox 992 427 1098 459; x_wconf 87' lang='lat' dir='ltr'>Morte</span> <span class='ocrx_word' id='word_1_129' title='bbox 1121 427 1316 466; x_wconf 86' lang='lat' dir='ltr'>perimantur</span> 
     </span>
     <span class='ocr_line' id='line_1_50' title="bbox 1039 473 1379 508; baseline 0.009 -4"><span class='ocrx_word' id='word_1_130' title='bbox 1039 473 1152 505; x_wconf 90' lang='lat' dir='ltr'>Omnes</span> <span class='ocrx_word' id='word_1_131' title='bbox 1175 474 1236 506; x_wconf 88' lang='lat' dir='ltr'>Dei</span> <span class='ocrx_word' id='word_1_132' title='bbox 1260 473 1379 508; x_wconf 89' lang='lat' dir='ltr'>famuli.</span> 
     </span>
    </p>
   </div>
   <div class='ocr_carea' id='block_1_15' title="bbox 889 530 1458 758">
    <p class='ocr_par' dir='ltr' id='par_1_16' title="bbox 889 530 1458 758">
     <span class='ocr_line' id='line_1_51' title="bbox 889 530 1392 569; baseline -0.002 -6"><span class='ocrx_word' id='word_1_133' title='bbox 889 532 920 563; x_wconf 89' lang='lat'>6.</span> <span class='ocrx_word' id='word_1_134' title='bbox 947 530 1031 562; x_wconf 87' lang='lat' dir='ltr'>Hinc</span> <span class='ocrx_word' id='word_1_135' title='bbox 1054 532 1163 569; x_wconf 88' lang='lat' dir='ltr'>pastor</span> <span class='ocrx_word' id='word_1_136' title='bbox 1188 539 1257 561; x_wconf 88' lang='lat' dir='ltr'>cum</span> <span class='ocrx_word' id='word_1_137' title='bbox 1283 530 1392 562; x_wconf 90' lang='lat' dir='ltr'>ovibus</span> 
     </span>
     <span class='ocr_line' id='line_1_52' title="bbox 991 576 1414 618; baseline 0 -9"><span class='ocrx_word' id='word_1_138' title='bbox 991 579 1053 610; x_wconf 91' lang='lat' dir='ltr'>Pro</span> <span class='ocrx_word' id='word_1_139' title='bbox 1079 576 1203 608; x_wconf 81' lang='lat' dir='ltr'>Christo</span> <span class='ocrx_word' id='word_1_140' title='bbox 1228 579 1414 618; x_wconf 78' lang='lat' dir='ltr'>mactantur,</span> 
     </span>
     <span class='ocr_line' id='line_1_53' title="bbox 946 624 1386 664; baseline 0 -8"><span class='ocrx_word' id='word_1_141' title='bbox 946 624 1015 656; x_wconf 88' lang='lat' dir='ltr'>Nec</span> <span class='ocrx_word' id='word_1_142' title='bbox 1038 624 1130 655; x_wconf 88' lang='lat' dir='ltr'>minis</span> <span class='ocrx_word' id='word_1_143' title='bbox 1156 633 1215 655; x_wconf 88' lang='lat' dir='ltr'>nec</span> <span class='ocrx_word' id='word_1_144' title='bbox 1238 624 1386 664; x_wconf 89' lang='lat' dir='ltr'>precibus</span> 
     </span>
     <span class='ocr_line' id='line_1_54' title="bbox 992 671 1351 711; baseline -0.006 -7"><span class='ocrx_word' id='word_1_145' title='bbox 992 671 1137 710; x_wconf 88' lang='lat' dir='ltr'>Unquam</span> <span class='ocrx_word' id='word_1_146' title='bbox 1163 674 1351 711; x_wconf 87' lang='lat' dir='ltr'>superantur</span> 
     </span>
     <span class='ocr_line' id='line_1_55' title="bbox 1038 718 1458 758; baseline 0.005 -9"><span class='ocrx_word' id='word_1_147' title='bbox 1038 718 1149 757; x_wconf 86' lang='lat' dir='ltr'>Neque</span> <span class='ocrx_word' id='word_1_148' title='bbox 1172 718 1282 758; x_wconf 86' lang='lat' dir='ltr'>poenis</span> <span class='ocrx_word' id='word_1_149' title='bbox 1308 719 1458 758; x_wconf 82' lang='lat' dir='ltr'>corporis.</span> 
     </span>
    </p>
   </div>
   <div class='ocr_carea' id='block_1_16' title="bbox 1077 793 1282 829">
    <p class='ocr_par' dir='ltr' id='par_1_17' title="bbox 1077 793 1282 829">
     <span class='ocr_line' id='line_1_56' title="bbox 1077 793 1282 829; baseline -0.005 -10"><span class='ocrx_word' id='word_1_150' title='bbox 1077 793 1282 829; x_wconf 78' lang='lat' dir='ltr'>Responsoria.</span> 
     </span>
    </p>
   </div>
   <div class='ocr_carea' id='block_1_17' title="bbox 874 849 1457 1266">
    <p class='ocr_par' dir='ltr' id='par_1_18' title="bbox 874 849 1457 1266">
     <span class='ocr_line' id='line_1_57' title="bbox 891 849 1316 890; baseline -0.007 -6"><span class='ocrx_word' id='word_1_151' title='bbox 891 855 920 885; x_wconf 89' lang='grc'>1.</span> <span class='ocrx_word' id='word_1_152' title='bbox 947 852 1050 883; x_wconf 89' lang='lat' dir='ltr'>Adest</span> <span class='ocrx_word' id='word_1_153' title='bbox 1074 850 1141 882; x_wconf 88' lang='lat' dir='ltr'>dies</span> <span class='ocrx_word' id='word_1_154' title='bbox 1166 849 1316 890; x_wconf 84' lang='lat' dir='ltr'>laetitiae,</span> 
     </span>
     <span class='ocr_line' id='line_1_58' title="bbox 946 897 1378 938; baseline -0.002 -9"><span class='ocrx_word' id='word_1_155' title='bbox 946 899 1012 938; x_wconf 80' lang='lat' dir='ltr'>Quo</span> <span class='ocrx_word' id='word_1_156' title='bbox 1037 897 1200 937; x_wconf 80' lang='lat' dir='ltr'>Photinus,</span> <span class='ocrx_word' id='word_1_157' title='bbox 1227 897 1378 929; x_wconf 86' lang='lat' dir='ltr'>ecclesiae</span> 
     </span>
     <span class='ocr_line' id='line_1_59' title="bbox 992 944 1376 984; baseline -0.005 -7"><span class='ocrx_word' id='word_1_158' title='bbox 992 945 1073 984; x_wconf 85' lang='lat' dir='ltr'>Lux,</span> <span class='ocrx_word' id='word_1_159' title='bbox 1100 953 1169 975; x_wconf 88' lang='lat' dir='ltr'>cum</span> <span class='ocrx_word' id='word_1_160' title='bbox 1193 945 1258 975; x_wconf 89' lang='lat' dir='ltr'>suis</span> <span class='ocrx_word' id='word_1_161' title='bbox 1282 944 1376 975; x_wconf 86' lang='lat' dir='ltr'>sociis</span> 
     </span>
     <span class='ocr_line' id='line_1_60' title="bbox 945 991 1358 1023; baseline -0.002 0"><span class='ocrx_word' id='word_1_162' title='bbox 945 992 996 1023; x_wconf 93' lang='lat' dir='ltr'>Ab</span> <span class='ocrx_word' id='word_1_163' title='bbox 1022 992 1082 1023; x_wconf 85' lang='lat' dir='ltr'>hac</span> <span class='ocrx_word' id='word_1_164' title='bbox 1106 991 1189 1023; x_wconf 91' lang='lat' dir='ltr'>valle</span> <span class='ocrx_word' id='word_1_165' title='bbox 1211 991 1358 1022; x_wconf 87' lang='lat' dir='ltr'>miseriae</span> 
     </span>
     <span class='ocr_line' id='line_1_61' title="bbox 947 1038 1457 1078; baseline -0.002 -8"><span class='ocrx_word' id='word_1_166' title='bbox 947 1039 1008 1070; x_wconf 90' lang='lat' dir='ltr'>Per</span> <span class='ocrx_word' id='word_1_167' title='bbox 1032 1046 1184 1070; x_wconf 90' lang='lat' dir='ltr'>summum</span> <span class='ocrx_word' id='word_1_168' title='bbox 1208 1045 1314 1078; x_wconf 88' lang='lat' dir='ltr'>regem</span> <span class='ocrx_word' id='word_1_169' title='bbox 1338 1038 1457 1078; x_wconf 81' lang='lat' dir='ltr'>glorlae</span> 
     </span>
     <span class='ocr_line' id='line_1_62' title="bbox 995 1084 1295 1125; baseline -0.007 -8"><span class='ocrx_word' id='word_1_170' title='bbox 995 1084 1146 1125; x_wconf 89' lang='lat' dir='ltr'>Supernis</span> <span class='ocrx_word' id='word_1_171' title='bbox 1173 1084 1295 1116; x_wconf 86' lang='lat' dir='ltr'>deliciis</span> 
     </span>
     <span class='ocr_line' id='line_1_63' title="bbox 1039 1131 1261 1164; baseline 0 0"><span class='ocrx_word' id='word_1_172' title='bbox 1039 1131 1100 1164; x_wconf 88' lang='lat' dir='ltr'>Est</span> <span class='ocrx_word' id='word_1_173' title='bbox 1124 1134 1261 1164; x_wconf 86' lang='lat' dir='ltr'>vocatus.</span> 
     </span>
     <span class='ocr_line' id='line_1_64' title="bbox 874 1178 1318 1212; baseline -0.005 -1"><span class='ocrx_word' id='word_1_174' title='bbox 874 1180 912 1212; x_wconf 84' lang='lat' dir='ltr'>V.</span> <span class='ocrx_word' id='word_1_175' title='bbox 942 1179 1007 1211; x_wconf 91' lang='lat' dir='ltr'>Iste</span> <span class='ocrx_word' id='word_1_176' title='bbox 1030 1178 1184 1211; x_wconf 84' lang='lat' dir='ltr'>Photinus</span> <span class='ocrx_word' id='word_1_177' title='bbox 1207 1178 1318 1209; x_wconf 83' lang='lat' dir='ltr'>beatus</span> 
     </span>
     <span class='ocr_line' id='line_1_65' title="bbox 945 1224 1395 1266; baseline -0.002 -8"><span class='ocrx_word' id='word_1_178' title='bbox 945 1227 1077 1266; x_wconf 87' lang='lat' dir='ltr'>Semper</span> <span class='ocrx_word' id='word_1_179' title='bbox 1101 1224 1162 1256; x_wconf 86' lang='lat' dir='ltr'>fuit</span> <span class='ocrx_word' id='word_1_180' title='bbox 1185 1225 1252 1257; x_wconf 89' lang='lat' dir='ltr'>Deo</span> <span class='ocrx_word' id='word_1_181' title='bbox 1278 1227 1395 1264; x_wconf 81' lang='lat' dir='ltr'>gratus.</span> 
     </span>
    </p>
   </div>
   <div class='ocr_carea' id='block_1_18' title="bbox 874 1281 1402 1691">
    <p class='ocr_par' dir='ltr' id='par_1_19' title="bbox 874 1281 1402 1691">
     <span class='ocr_line' id='line_1_66' title="bbox 888 1281 1402 1316; baseline -0.006 -1"><span class='ocrx_word' id='word_1_182' title='bbox 888 1285 919 1316; x_wconf 84' lang='lat'>2.</span> <span class='ocrx_word' id='word_1_183' title='bbox 945 1283 1023 1315; x_wconf 88' lang='lat' dir='ltr'>Post</span> <span class='ocrx_word' id='word_1_184' title='bbox 1044 1281 1164 1315; x_wconf 86' lang='lat' dir='ltr'>Christi</span> <span class='ocrx_word' id='word_1_185' title='bbox 1188 1281 1402 1313; x_wconf 83' lang='lat' dir='ltr'>ascensionem</span> 
     </span>
     <span class='ocr_line' id='line_1_67' title="bbox 944 1327 1371 1370; baseline -0.007 -8"><span class='ocrx_word' id='word_1_186' title='bbox 944 1330 989 1362; x_wconf 90' lang='lat' dir='ltr'>Et</span> <span class='ocrx_word' id='word_1_187' title='bbox 1011 1328 1180 1370; x_wconf 88' lang='lat' dir='ltr'>gloriosam</span> <span class='ocrx_word' id='word_1_188' title='bbox 1203 1327 1371 1360; x_wconf 86' lang='lat' dir='ltr'>lectionem</span> 
     </span>
     <span class='ocr_line' id='line_1_68' title="bbox 991 1375 1293 1408; baseline -0.007 0"><span class='ocrx_word' id='word_1_189' title='bbox 991 1375 1194 1408; x_wconf 85' lang='lat' dir='ltr'>Praedicavit</span> <span class='ocrx_word' id='word_1_190' title='bbox 1217 1375 1293 1407; x_wconf 87' lang='lat' dir='ltr'>fidei</span> 
     </span>
     <span class='ocr_line' id='line_1_69' title="bbox 944 1422 1380 1464; baseline -0.009 -7"><span class='ocrx_word' id='word_1_191' title='bbox 944 1424 1187 1464; x_wconf 88' lang='lat' dir='ltr'>Lugdunensem</span> <span class='ocrx_word' id='word_1_192' title='bbox 1211 1422 1380 1463; x_wconf 83' lang='lat' dir='ltr'>regionem,</span> 
     </span>
     <span class='ocr_line' id='line_1_70' title="bbox 945 1468 1364 1510; baseline -0.01 -7"><span class='ocrx_word' id='word_1_193' title='bbox 945 1471 1085 1503; x_wconf 71' lang='lat' dir='ltr'>Hortaris</span> <span class='ocrx_word' id='word_1_194' title='bbox 1109 1470 1150 1501; x_wconf 87' lang='lat' dir='ltr'>ad</span> <span class='ocrx_word' id='word_1_195' title='bbox 1175 1468 1364 1510; x_wconf 79' lang='lat' dir='ltr'>agnitionem</span> 
     </span>
     <span class='ocr_line' id='line_1_71' title="bbox 993 1516 1318 1556; baseline -0.009 -6"><span class='ocrx_word' id='word_1_196' title='bbox 993 1516 1223 1556; x_wconf 84' lang='lat' dir='ltr'>omnipotentis</span> <span class='ocrx_word' id='word_1_197' title='bbox 1247 1516 1318 1555; x_wconf 88' lang='lat' dir='ltr'>Dei,</span> 
     </span>
     <span class='ocr_line' id='line_1_72' title="bbox 1039 1563 1373 1597; baseline -0.009 0"><span class='ocrx_word' id='word_1_198' title='bbox 1039 1564 1174 1597; x_wconf 87' lang='lat' dir='ltr'>Errores</span> <span class='ocrx_word' id='word_1_199' title='bbox 1199 1563 1373 1595; x_wconf 64' lang='lat' dir='ltr'>eliminans.</span> 
     </span>
     <span class='ocr_line' id='line_1_73' title="bbox 874 1610 1400 1651; baseline -0.01 -5"><span class='ocrx_word' id='word_1_200' title='bbox 874 1613 911 1646; x_wconf 88' lang='lat' dir='ltr'>V.</span> <span class='ocrx_word' id='word_1_201' title='bbox 940 1612 1003 1644; x_wconf 88' lang='lat' dir='ltr'>Hic</span> <span class='ocrx_word' id='word_1_202' title='bbox 1028 1610 1125 1644; x_wconf 88' lang='lat' dir='ltr'>verba</span> <span class='ocrx_word' id='word_1_203' title='bbox 1147 1611 1210 1643; x_wconf 89' lang='lat' dir='ltr'>Dei</span> <span class='ocrx_word' id='word_1_204' title='bbox 1233 1610 1400 1651; x_wconf 88' lang='lat' dir='ltr'>seminans,</span> 
     </span>
     <span class='ocr_line' id='line_1_74' title="bbox 944 1658 1310 1691; baseline 0 0"><span class='ocrx_word' id='word_1_205' title='bbox 944 1659 1096 1691; x_wconf 86' lang='lat' dir='ltr'>Photinus</span> <span class='ocrx_word' id='word_1_206' title='bbox 1119 1658 1310 1691; x_wconf 87' lang='lat' dir='ltr'>illuminans.</span> 
     </span>
    </p>
   </div>
   <div class='ocr_carea' id='block_1_19' title="bbox 874 1713 1440 2126">
    <p class='ocr_par' dir='ltr' id='par_1_20' title="bbox 887 1713 1355 1850">
     <span class='ocr_line' id='line_1_75' title="bbox 887 1713 1285 1750; baseline -0.013 0"><span class='ocrx_word' id='word_1_207' title='bbox 887 1718 918 1750; x_wconf 81' lang='lat'>3.</span> <span class='ocrx_word' id='word_1_208' title='bbox 945 1713 1125 1748; x_wconf 86' lang='lat' dir='ltr'>Pontificali</span> <span class='ocrx_word' id='word_1_209' title='bbox 1149 1715 1285 1746; x_wconf 81' lang='lat' dir='ltr'>culmine</span> 
     </span>
     <span class='ocr_line' id='line_1_76' title="bbox 943 1761 1355 1803; baseline -0.01 -7"><span class='ocrx_word' id='word_1_210' title='bbox 943 1764 1082 1803; x_wconf 86' lang='lat' dir='ltr'>Fulgens</span> <span class='ocrx_word' id='word_1_211' title='bbox 1109 1762 1215 1794; x_wconf 87' lang='lat' dir='ltr'>divino</span> <span class='ocrx_word' id='word_1_212' title='bbox 1237 1761 1355 1794; x_wconf 84' lang='lat' dir='ltr'>lumine</span> 
     </span>
     <span class='ocr_line' id='line_1_77' title="bbox 994 1809 1349 1850; baseline -0.008 -7"><span class='ocrx_word' id='word_1_213' title='bbox 994 1809 1188 1843; x_wconf 86' lang='lat' dir='ltr'>Sublimatur</span> <span class='ocrx_word' id='word_1_214' title='bbox 1211 1809 1349 1850; x_wconf 84' lang='lat' dir='ltr'>humilis,</span> 
     </span>
    </p>

    <p class='ocr_par' dir='ltr' id='par_1_21' title="bbox 942 1856 1370 2031">
     <span class='ocr_line' id='line_1_78' title="bbox 943 1856 1335 1897; baseline -0.01 -6"><span class='ocrx_word' id='word_1_215' title='bbox 943 1858 990 1891; x_wconf 88' lang='lat' dir='ltr'>Ut</span> <span class='ocrx_word' id='word_1_216' title='bbox 1013 1858 1119 1890; x_wconf 90' lang='lat' dir='ltr'>lumen</span> <span class='ocrx_word' id='word_1_217' title='bbox 1143 1857 1175 1888; x_wconf 91' lang='lat' dir='ltr'>in</span> <span class='ocrx_word' id='word_1_218' title='bbox 1201 1856 1335 1897; x_wconf 87' lang='lat' dir='ltr'>caligine</span> 
     </span>
     <span class='ocr_line' id='line_1_79' title="bbox 942 1903 1370 1945; baseline -0.005 -8"><span class='ocrx_word' id='word_1_219' title='bbox 942 1905 1106 1945; x_wconf 79' lang='lat' dir='ltr'>Fulgeret‚</span> <span class='ocrx_word' id='word_1_220' title='bbox 1131 1906 1163 1935; x_wconf 86' lang='lat' dir='ltr'>et</span> <span class='ocrx_word' id='word_1_221' title='bbox 1186 1904 1220 1936; x_wconf 91' lang='lat' dir='ltr'>in</span> <span class='ocrx_word' id='word_1_222' title='bbox 1243 1903 1370 1936; x_wconf 84' lang='lat' dir='ltr'>turbine</span> 
     </span>
     <span class='ocr_line' id='line_1_80' title="bbox 992 1950 1344 1984; baseline -0.006 0"><span class='ocrx_word' id='word_1_223' title='bbox 992 1951 1150 1984; x_wconf 86' lang='lat' dir='ltr'>Probatur</span> <span class='ocrx_word' id='word_1_224' title='bbox 1174 1950 1344 1983; x_wconf 87' lang='lat' dir='ltr'>laudabilis</span> 
     </span>
     <span class='ocr_line' id='line_1_81' title="bbox 1038 1998 1245 2031; baseline 0 0"><span class='ocrx_word' id='word_1_225' title='bbox 1038 1998 1101 2031; x_wconf 92' lang='lat' dir='ltr'>Dei</span> <span class='ocrx_word' id='word_1_226' title='bbox 1125 2007 1245 2031; x_wconf 88' lang='lat' dir='ltr'>servus.</span> 
     </span>
    </p>

    <p class='ocr_par' dir='ltr' id='par_1_22' title="bbox 874 2044 1440 2126">
     <span class='ocr_line' id='line_1_82' title="bbox 874 2044 1440 2085; baseline -0.004 -6"><span class='ocrx_word' id='word_1_227' title='bbox 874 2047 912 2081; x_wconf 92' lang='lat' dir='ltr'>V.</span> <span class='ocrx_word' id='word_1_228' title='bbox 941 2046 1005 2079; x_wconf 91' lang='lat' dir='ltr'>Hic</span> <span class='ocrx_word' id='word_1_229' title='bbox 1029 2054 1142 2078; x_wconf 90' lang='lat' dir='ltr'>nomen</span> <span class='ocrx_word' id='word_1_230' title='bbox 1166 2045 1228 2077; x_wconf 90' lang='lat' dir='ltr'>Dei</span> <span class='ocrx_word' id='word_1_231' title='bbox 1251 2044 1440 2085; x_wconf 87' lang='lat' dir='ltr'>praedicans</span> 
     </span>
     <span class='ocr_line' id='line_1_83' title="bbox 943 2091 1402 2126; baseline -0.004 0"><span class='ocrx_word' id='word_1_232' title='bbox 943 2094 1076 2126; x_wconf 86' lang='lat' dir='ltr'>Publice</span> <span class='ocrx_word' id='word_1_233' title='bbox 1099 2093 1217 2124; x_wconf 89' lang='lat' dir='ltr'>nullum</span> <span class='ocrx_word' id='word_1_234' title='bbox 1244 2091 1402 2124; x_wconf 89' lang='lat' dir='ltr'>dubitans.</span> 
     </span>
    </p>
   </div>
   <div class='ocr_carea' id='block_1_20' title="bbox 1010 2196 1364 2297">
    <p class='ocr_par' dir='ltr' id='par_1_23' title="bbox 1010 2196 1364 2297">
     <span class='ocr_line' id='line_1_84' title="bbox 1010 2196 1364 2230; baseline -0.006 0"><span class='ocrx_word' id='word_1_235' title='bbox 1010 2198 1056 2230; x_wconf 90' lang='lat' dir='ltr'>In</span> <span class='ocrx_word' id='word_1_236' title='bbox 1082 2198 1114 2229; x_wconf 81' lang='lat'>2.</span> <span class='ocrx_word' id='word_1_237' title='bbox 1140 2196 1325 2228; x_wconf 86' lang='lat' dir='ltr'>Nocturn</span> <span class='ocrx_word' id='word_1_238' title='bbox 1336 2205 1364 2228; x_wconf 92' lang='lat'>0.</span> 
     </span>
     <span class='ocr_line' id='line_1_85' title="bbox 1087 2261 1282 2297; baseline 0 -9"><span class='ocrx_word' id='word_1_239' title='bbox 1087 2261 1282 2297; x_wconf 75' lang='lat' dir='ltr'>Antiphonae.</span> 
     </span>
    </p>
   </div>
   <div class='ocr_carea' id='block_1_21' title="bbox 891 2320 1380 2402">
    <p class='ocr_par' dir='ltr' id='par_1_24' title="bbox 891 2320 1380 2402">
     <span class='ocr_line' id='line_1_86' title="bbox 891 2320 1259 2360; baseline -0.016 -3"><span class='ocrx_word' id='word_1_240' title='bbox 891 2323 922 2357; x_wconf 82' lang='lat'>1.</span> <span class='ocrx_word' id='word_1_241' title='bbox 948 2320 1099 2356; x_wconf 82' lang='lat' dir='ltr'>Infideles</span> <span class='ocrx_word' id='word_1_242' title='bbox 1124 2329 1259 2360; x_wconf 80' lang='lat' dir='ltr'>corpora</span> 
     </span>
     <span class='ocr_line' id='line_1_87' title="bbox 995 2366 1380 2402; baseline -0.008 0"><span class='ocrx_word' id='word_1_243' title='bbox 995 2369 1181 2402; x_wconf 87' lang='lat' dir='ltr'>Sanctorum</span> <span class='ocrx_word' id='word_1_244' title='bbox 1207 2366 1380 2400; x_wconf 86' lang='lat' dir='ltr'>caedebant</span> 
     </span>
    </p>
   </div>
   <div class='ocr_carea' id='block_1_22' title="bbox 1294 2421 1330 2451">
    <p class='ocr_par' dir='ltr' id='par_1_25' title="bbox 1294 2421 1330 2451">
     <span class='ocr_line' id='line_1_88' title="bbox 1294 2421 1330 2451; baseline 0 0"><span class='ocrx_word' id='word_1_245' title='bbox 1294 2421 1330 2451; x_wconf 88' lang='lat'>14</span> 
     </span>
    </p>
   </div>
  </div>
 </body>
</html>
