1651 2588
746 97 911 132 —124
966 115 1006 121 ——

233 193 263 224 5.
288 192 423 223 Beata
446 190 643 232 trinitas,

334 239 384 270 Tu
408 246 529 270 summa
551 237 646 269 laude
672 237 776 276 digna,

289 285 338 317 Tu
363 285 500 324 claritaS‚
527 284 568 316 du
592 284 726 323 bonitas,

335 334 385 365 Tu
409 331 509 364 dulcis
535 333 567 361 et
589 331 733 370 benigna,

381 379 429 410 Tu
445 378 552 418 palma
565 377 833 416 triumphantium.

401 517 447 544 Au
464 515 648 543 Benedictus.

218 603 257 636 A.
288 602 373 634 Almi
396 600 496 641 patris

334 649 422 680 clara
444 647 596 679 solemnia

337 696 412 728 Cum
437 694 584 726 laudibus
609 702 736 733 agamus

288 742 383 780 Quem
408 743 589 781 proveetmn

334 789 399 827 jam
424 787 465 820 ad
491 788 638 819 coelestia

336 835 500 875 Supplices
526 843 689 866 exoramus

963 191 1005 223 Ut
1031 192 1175 229 acceptet

1008 240 1117 268 nostra
1140 237 1287 277 suspiria,

1010 284 1067 322 Qui
1093 284 1206 315 devote
1230 284 1408 324 clamamus,

963 329 1099 363 Obtenta
1122 330 1212 362 nobis
1237 330 1349 370 gratia,

1010 376 1144 416 Propter
1168 386 1259 416 quam
1283 376 1486 415 suspiramus,

1028 442 1073 473 In
1099 444 1130 475 2,
1157 442 1373 482 Vesperis.

1078 492 1124 518 Au
1142 491 1319 527 Magnifieat„

927 561 934 567 .
963 534 1095 567 Praesul
1121 537 1153 565 et
1175 538 1298 575 martyr
1322 534 1441 573 inclite,

1010 580 1075 611 Fer
1098 589 1189 620 opem
1214 580 1476 620 supplicantibus,

965 627 1033 659 Nos
1057 627 1110 666 pio
1135 628 1224 658 vultu
1247 627 1372 665 respice

1010 673 1087 704 Tuis
1111 682 1167 705 nos
1189 674 1303 713 juvans
1327 673 1484 714 precibus,

963 720 1048 752 Hinc
1070 729 1127 752 nos
1151 721 1322 760 migrantes
1346 720 1472 759 suscipe

1009 767 1158 799 Paternis
1181 766 1288 798 ferens
1311 767 1466 807 manibus,

965 814 1108 846 Civitatis
1132 814 1293 854 angelicae

1005 860 1197 901 Consignans
1222 869 1279 893 nos
1303 859 1490 900 agminibus

294 928 377 955 Brev.
407 926 607 960 Forojulionse
632 928 701 961 imp.
721 926 843 952 Taurini
871 923 952 951 1495.
979 938 1016 944 ——-
1040 924 1076 951 In
1101 922 1127 950 2.
1147 925 1231 951 Noet.
1257 921 1277 950 R
1300 922 1329 958 1,
1357 923 1374 950 7
1401 924 1515 951 seheint

219 965 395 991 liiekenhaft.
423 979 460 984 -—-
485 964 520 991 In
544 962 570 991 3.
591 964 674 991 Noc-t.
703 961 722 989 R
746 961 760 989 1
784 962 974 998 Entlehnung
998 969 1049 988 aus
1080 962 1144 989 (lem
1164 961 1297 989 Officium
1318 962 1367 989 ‹lt-s
1387 962 1514 989 Thomas

219 1002 335 1029 Beeket.
359 1017 396 1021 -—
422 1003 457 1029 In
475 999 568 1028 Laud.
590 999 612 1026 Α
632 998 658 1034 3,
685 1000 705 1028 4
727 1008 778 1034 per
796 1002 826 1026 te
844 1001 932 1026 vitae.
958 1014 997 1019 —
1022 998 1044 1024 Α
1065 998 1091 1032 5,
1116 998 1130 1025 1
1150 1000 1205 1026 lies
1222 1000 1268 1026 Tu
1287 999 1339 1025 lux
1357 1000 1444 1026 beata
1463 1001 1513 1026 tri-

219 1041 317 1066 nitas?
336 1053 371 1057 —-
399 1040 550 1074 Hymnen:
575 1040 608 1064 in
626 1039 728 1073 Vespa
753 1036 879 1064 Exsulta
902 1036 1094 1071 Forojulium3
1118 1036 1156 1063 ad
1175 1037 1283 1064 Laud.:
1310 1035 1425 1063 Christo
1450 1038 1514 1071 regi

220 1085 271 1112 pro
292 1077 393 1103 milite.

611 1164 659 1195 46.
691 1164 734 1195 De
754 1172 777 1194 s.
797 1163 947 1195 Luclovico
966 1163 1124 1204 Episcopo.

358 1236 402 1267 In
429 1235 460 1268 1.
486 1234 700 1273 Vesperis.

410 1299 455 1326 Ad
474 1298 650 1333 Magnificat.

222 1358 262 1389 Δ.
292 1357 316 1389 Ο
342 1355 419 1387 felix
443 1355 593 1395 prosapia
612 1356 817 1396 Francorum,

291 1403 376 1441 Quae
396 1402 536 1443 germina
557 1402 693 1441 pullulat
713 1405 835 1434 sancto-

613 1459 692 1491 rum,

290 1498 326 1529 In
352 1500 384 1528 te
406 1495 585 1528 Ludovicus
610 1504 675 1536 rex,

289 1544 340 1575 Ex
364 1547 396 1575 te
419 1542 598 1575 Ludovicus
619 1542 763 1582 pontifex

290 1590 412 1621 Illustri
436 1589 604 1629 praeconio

290 1637 481 1669 Coruscavit.

336 1729 398 1761 Ad
421 1728 680 1761 Matutinum.

420 1789 633 1816 Invitatorium.

292 1842 383 1882 Regi,
400 1841 454 1881 qui
468 1841 565 1871 saecli
579 1849 709 1880 regnum
722 1841 836 1881 renuit,

293 1889 341 1920 Sit
364 1889 469 1921 votiva
492 1887 606 1918 mentis
631 1887 796 1929 confessio,

292 1937 354 1968 Pro
379 1936 467 1974 cujus
491 1937 563 1966 voto
587 1943 662 1966 vere
685 1934 777 1967 viluit

290 1983 454 2015 Ludovico
479 1981 568 2021 regni
591 1982 756 2021 possessiO.

353 2076 398 2107 1n
425 2076 455 2108 1.
481 2074 539 2106 No
552 2076 670 2106 cturn
681 2084 708 2107 o.

436 2139 628 2175 Anfiphonae.

235 2199 265 2231 1.
290 2197 354 2229 Hic
376 2198 426 2229 vir
447 2198 481 2230 in
505 2197 718 2236 potentatibus

336 2245 475 2276 Exortus
501 2245 690 2276 excellenter

292 2291 416 2323 Nostris
441 2291 694 2323 mendicitatibus

336 2338 462 2378 Dejecit
485 2347 519 2370 se
542 2338 688 2374 libenter.

907 1244 938 1275 2.
964 1244 1158 1275 Praeventus
1183 1242 1300 1275 Christi
1323 1243 1426 1281 gratia

1011 1288 1159 1320 Profectu
1183 1289 1312 1321 virtuali

967 1336 1074 1368 Crevit
1096 1336 1130 1367 in
1154 1336 1334 1368 innocentia

1010 1382 1159 1414 Servatus
1184 1382 1375 1422 baptismali.

906 1436 938 1467 3.
963 1435 1118 1465 Venustas
1142 1434 1340 1467 innocentiae

1010 1481 1165 1512 Renatum
1189 1491 1251 1513 non
1277 1480 1425 1517 deseruit,

964 1527 1023 1566 Qui
1047 1536 1192 1559 coronam
1214 1527 1357 1567 justitiae

1008 1574 1083 1613 ¹lugi
1106 1573 1253 1614 profectu
1274 1575 1400 1606 meruit.

1098 1633 1303 1669 Responsoria.

931 1701 937 1707 .
963 1676 1152 1716 Ludovicus‚
1178 1677 1228 1708 vir
1251 1677 1377 1709 inclitus

1007 1722 1135 1762 Origine
1159 1724 1266 1764 regali,

963 1771 1081 1802 Lucem
1107 1770 1196 1801 dedit
1220 1770 1369 1803 divinitus

1004 1816 1043 1847 In
1066 1817 1127 1848 hac
1149 1818 1216 1849 vita
1238 1819 1373 1862 mortali,

964 1864 1136 1903 Tamquam
1168 1868 1358 1904 praeventus
1384 1868 1514 1899 coelitus

1005 1910 1096 1942 Dono
1121 1911 1289 1950 spirituali.

894 1959 932 1991 V.
961 1957 1120 1990 Fervebat
1144 1959 1210 1997 eJus
1235 1959 1375 1999 spiritus,

963 2005 1116 2037 Fructum
1140 2004 1225 2037 ferre
1249 2006 1404 2038 sollicitus

1004 2051 1055 2083 Ex
1078 2050 1157 2084 flore
1180 2054 1337 2094 virginali.

930 2129 937 2135 .
962 2104 1070 2136 Diutin
1075 2113 1112 2135 ae
1136 2108 1223 2137 custo
1228 2106 1299 2137 diae

1009 2150 1179 2190 Septennio
1203 2153 1356 2191 probatus

965 2198 1125 2237 Simulque
1149 2199 1323 2239 sapientiae

1007 2244 1107 2276 Donis
1132 2249 1181 2277 est
1202 2247 1390 2284 illustratus,

963 2292 1158 2324 Laetabatur
1179 2292 1322 2332 Justitiae

1007 2337 1161 2370 Coronam
1183 2340 1230 2371 sic
1251 2340 1411 2380 lucratns3
