1650 2587
767 117 1025 153 -189—

243 204 263 232 Β
287 206 311 241 1,
328 207 343 236 1
366 208 454 244 Cujus
478 210 555 237 servi
569 210 600 237 B.
621 226 659 231 —
681 210 701 238 Β
720 210 744 245 1,
766 211 783 240 2
797 213 912 241 Fideles
927 216 1059 249 parentes
1073 213 1105 240 B.
1126 227 1163 231 —-
1184 212 1202 238 Β
1219 210 1242 246 1,
1256 210 1276 239 4
1290 213 1444 240 visitantes
1458 212 1491 238 Β.
1506 226 1542 232 -

243 242 263 270 Β
293 244 335 290 1,-
352 245 370 274 6
395 246 500 275 Preces
527 247 705 278 effundentes
720 251 753 278 B.
778 265 815 269 -
842 249 862 277 Β
885 249 913 284 1,
942 250 959 279 9
983 252 1058 279 Nam
1077 250 1123 278 his
1140 252 1257 278 sanetus
1278 250 1311 277 B.
1338 264 1376 270 —-
1407 247 1427 275 Β
1451 248 1480 283 1,
1509 247 1543 277 10

242 286 352 318 prom1t
370 284 402 312 13.
423 300 461 304 —
479 286 515 313 In
541 283 567 312 2.
588 286 671 314 Noct.
693 287 715 314 A
738 286 762 322 1,
787 287 800 316 1
821 290 909 317 istum
924 289 1017 316 Deum
1032 290 1062 317 B.
1082 304 1119 308 —
1140 287 1161 314 A
1186 287 1208 318 1Ι
1231 285 1248 313 2
1271 287 1443 322 placabilem
1458 288 1490 314 B.
1510 302 1543 307 *-

244 319 266 346 Α
289 319 314 354 1,
333 320 353 349 4
373 320 550 360 Cunetisque
570 325 735 353 mirabilem
747 326 780 353 B.
801 341 839 346 —
857 325 881 354 Α
894 324 921 360 2,
941 324 961 354 4
979 326 1103 354 Sanctus
1117 326 1172 353 Dei
1191 325 1318 353 famulus
1330 326 1364 353 A.
1387 339 1421 342 —
1443 323 1464 351 A
1479 322 1504 359 3,
1525 323 1545 352 4

243 358 346 386 Gloria
365 361 395 387 et
412 359 524 389 honore
542 362 697 390 Nicolaum
716 363 758 398 A;
780 364 827 392 die
845 372 936 402 ganze
957 363 979 390 A
998 365 1092 392 lautet
1111 365 1142 391 in
1161 364 1200 391 B:

672 401 752 428 luter
771 402 879 437 stellas,
901 409 972 437 quas
992 401 1120 429 fundasti

712 438 897 475 Suseeptivas
917 439 1036 475 gloriae,

672 477 745 505 Jesu
766 477 889 512 Christe,
909 478 1068 505 numerasti

711 514 865 542 Nicolaum
884 515 979 542 hodie.

287 545 313 581 3,
338 547 352 576 1
373 549 490 577 Nicolai
510 551 630 586 spiritus
650 551 683 578 B.
711 567 747 572 -—
770 550 790 578 Β
811 550 837 586 3,
858 551 876 581 8
896 561 944 580 eos
965 552 1178 588 compugnabant
1197 551 1230 579 B.
1260 566 1294 570 —
1315 552 1350 579 In
1369 549 1395 580 3.
1416 551 1499 579 Noct.
1521 550 1543 577 A

262 604 269 619 ‚
293 584 307 613 1
329 588 474 614 transiens
493 590 590 616 viator
611 589 643 615 B.
663 603 700 608 —-
721 587 743 615 A
766 588 789 623 1,
810 588 828 618 3
847 591 954 618 Factus
977 592 1021 617 est
1045 590 1075 616 B.
1153 588 1174 614 A
1196 588 1222 621 2,
1245 587 1260 615 1
1281 598 1367 625 quam
1387 590 1492 624 petivit
1511 590 1543 617 Β.

243 637 280 641 —-
300 622 323 650 A
338 622 364 658 2,
386 622 403 651 3
425 625 509 658 Quod
529 629 659 662 speravit
677 636 744 654 nam
765 630 878 664 accepit
889 627 922 654 B.
944 642 980 646 —
1001 626 1023 654 A
1041 624 1067 659 3,
1088 624 1105 654 3
1128 628 1204 660 Quia
1222 628 1365 654 neminem
1380 626 1498 653 offendit
1511 627 1543 654 Β,

244 675 281 680 —
301 660 323 687 A
344 660 371 695 3,
391 661 410 689 4
430 662 487 690 Sed
507 665 629 691 servivit
648 667 744 692 creato
757 665 790 692 B.
869 663 890 691 Β
907 663 931 698 1,
952 663 970 693 3
990 667 1093 693 vivens
1106 665 1138 692 B.
1161 679 1195 683 —
1216 662 1238 689 Β
1253 662 1277 698 1,
1300 662 1317 691 9
1332 665 1432 693 Vitam
1452 664 1546 691 reddit

245 699 277 726 B.
305 714 339 718 —
367 698 387 726 Β
410 699 435 733 1,
459 699 492 728 11
514 703 617 735 caeeis,
639 701 750 730 claudis
772 711 903 738 gressum
922 703 955 730 B.
980 718 1017 721 —
1039 700 1059 728 Β
1083 700 1106 733 1,
1132 700 1166 729 12
1186 704 1273 737 atque
1293 710 1376 730 aures
1397 701 1491 729 surdis
1510 702 1544 729 Β,

243 750 280 754 -
308 735 329 763 Β
354 736 372 765 2
391 738 465 765 fehlt
483 739 518 766 A.
544 754 582 759 -—
606 740 642 767 In
661 740 753 768 Laud.
774 739 796 766 A
814 739 852 776 4,
878 739 895 768 5
924 742 1016 776 signis
1036 742 1165 768 innovat,
1194 755 1233 760 -α-
1257 740 1303 767 Ad
1321 739 1426 768 Bened.
1448 737 1479 774 A,
1510 738 1545 766 14

244 778 342 803 noster
368 777 400 803 in
426 776 515 804 coelis
535 778 569 805 A.
595 793 633 797 -—
658 778 693 805 In
720 775 746 803 2.
765 778 853 814 Vesp.
879 778 914 805 ad
933 779 1031 814 Magn.
1054 775 1092 809 A,
1119 775 1137 803 ‘2
1157 778 1251 805 :aneti
1271 777 1429 813 Augustini
1448 777 1481 804 B.
1507 791 1544 796 ·-

243 812 311 840 Wie
329 822 398 841 man
417 814 502 847 sieht,
523 815 589 842 sind
607 815 655 843 die
668 816 810 843 Lesarten
828 825 887 844 von
899 815 924 842 B
943 817 975 842 in
994 816 1044 843 der
1056 815 1208 842 Mehrzahl
1228 812 1280 841 dei·
1294 815 1377 842 Fene
1392 814 1546 842 wirkliebe

244 850 500 916 Ὺειῖρεεῗριὲιηςθη
529 853 578 880 des
608 853 727 886 Testes,
763 854 832 881 aber
863 853 935 881 eben
963 854 1173 889 Besserungen,
1207 853 1377 880 schwerlieh
1408 852 1459 879 das
1489 852 1536 880 Ur*

244 896 353 925 sprung
365 898 393 917 ιο
415 898 439 916 e.

246 544 266 572 Β

244 583 258 611 1

695 1018 734 1050 71.
774 1019 818 1050 De
838 1019 944 1050 sancto
968 1019 1100 1050 Odilone.

379 1101 425 1135 In
452 1102 483 1134 1.
509 1102 728 1141 Vesperis.
939 1104 969 1136 3.
995 1104 1128 1135 1nvocat
1151 1102 1204 1133 hic
1228 1102 1405 1141 Dominum,

433 1166 479 1194 Ad
498 1165 676 1203 Mag-nificat.
1043 1149 1205 1189 proprium
1240 1150 1293 1188 qui
1318 1150 1418 1181 salvat
1445 1149 1543 1180 alum-

994 1243 1140 1275 Dilatans
1166 1244 1303 1275 animum
1320 1205 1403 1235 num,

1040 1288 1115 1321 fidei
1139 1290 1310 1322 munimine
1332 1291 1465 1330 septum.

238 1224 280 1257 A.
313 1224 428 1256 Sancte
455 1228 635 1257 sanctorum

310 1272 397 1303 Deus
421 1272 587 1312 mirabilis,

314 1319 457 1351 Odilonis
482 1328 539 1351 nos
564 1327 669 1350 annua

311 1364 501 1397 Laetificent
524 1366 687 1406 solemnia,
936 1357 967 1388 4-
994 1356 1178 1398 Ingreditur
1205 1356 1356 1395 tempIum

310 1413 369 1452 Qui
391 1415 446 1444 tua
470 1412 570 1445 fretus
595 1414 698 1453 gratia
1041 1401 1175 1442 fulgenti
1199 1403 1316 1434 lumine
1342 1404 1461 1435 clarum

312 1460 400 1492 Coeli
425 1463 512 1492 tenet
536 1460 665 1500 palatia.
990 1451 1097 1490 Atque
1122 1450 1224 1482 Deum
1250 1450 1329 1481 006Ῑὶ

1041 1498 1175 1536 supplex
1201 1499 1231 1529 et
1253 1497 1355 1528 laetus
1379 1496 1501 1530 adorat.

365 1555 427 1587 Ad
452 1554 722 1588 Mssssflffillum·
934 1565 966 1596 5.
992 1563 1127 1603 Chiiste,
1153 1565 1239 1595 tuum
1265 1571 1377 1594 nomen

443 1620 660 1647 Invitatorium,
1041 1614 1126 1642 terra
1152 1612 1319 1642 veneratur
1343 1610 1383 1641 ab
1410 1610 1504 1651 omni,

993 1658 1052 1697 Qui
1076 1660 1202 1689 sanctos
1228 1665 1314 1697 semp
1319 1666 1353 1688 er

311 1677 535 1711 CUnfeSSOIUm
561 1686 676 1720 regem'
1039 1714 1151 1743 magno
1178 1705 1349 1745 splendore
1374 1712 1516 1736 coronas.

308 1727 431 1767 Venite,
458 1725 625 1757 adoremus
650 1725 829 1767 Dominum,

309 1772 546 1806 Glorificantem
571 1773 735 1812 proprium
933 1773 963 1804 6.
992 1771 1085 1804 Odilo
1112 1770 1272 1803 confidens

309 1821 476 1854 Odilonem
502 1819 663 1854 famulum.
1039 1819 1072 1851 in
1091 1818 1215 1851 Christo
1228 1827 1291 1850 non
1308 1819 1398 1850 timet
1412 1817 1546 1858 hostem,

992 1866 1184 1898 Transvolat
1206 1867 1359 1897 innocuus

373 1915 418 1947 Iu
445 1915 475 1949 1.
502 1915 560 1947 No
573 1916 640 1945 ctu
650 1924 733 1947 rno.
1039 1913 1178 1953 fraudes,
1205 1922 1282 1954 quas
1299 1914 1404 1945 tendit
1419 1913 1546 1952 iniquis.

456 1980 651 2016 Antiphonae.

250 2040 281 2072 1.
308 2039 447 2079 Legibus
472 2037 610 2070 aeternis

358 2085 465 2118 divino
488 2084 606 2125 pollice
629 2085 762 2124 sculptis
1057 2083 1104 2114 In
1130 2084 1161 2117 2.
1188 2082 1412 2116 Nocturno.

307 2134 405 2167 odilo
426 2132 485 2164 sub
509 2132 576 2164 leni

355 2191 390 2213 se
415 2180 524 2212 subdit
548 2179 678 2212 foedere
703 2178 831 2213 Christi.
1137 2165 1331 2203 Antiphonae.

246 2242 279 2273 2,
310 2238 369 2278 Qui
393 2237 530 2270 Domino
555 2244 681 2275 semper
937 2236 967 2269 1.
994 2237 1033 2268 In
1058 2234 1170 2266 castris
1190 2239 1266 2275 jam,
1294 2233 1428 2277 Christe,
1455 2236 1517 2267 tuis

356 2285 490 2318 servivit
515 2284 612 2317 corde
636 2283 740 2325 beato,
1041 2282 1181 2323 gaudens
1206 2282 1375 2321 requiescit

309 2334 405 2375 Spem
430 2332 569 2364 retinens
595 2331 689 2371 vitae,
996 2330 1099 2369 Odilo,
1126 2332 1306 2361 sanctorum

359 2380 490 2414 coelesti
513 2380 626 2421 plenus
651 2386 768 2411 amore.
1037 2377 1143 2410 cuneis
1168 2380 1330 2410 consertus
1354 2379 1388 2410 in
1413 2380 1518 2413 astris.
