<?xml version="1.0" encoding="UTF-8"?>
<!DOCTYPE html PUBLIC "-//W3C//DTD XHTML 1.0 Transitional//EN"
    "http://www.w3.org/TR/xhtml1/DTD/xhtml1-transitional.dtd">
<html xmlns="http://www.w3.org/1999/xhtml" xml:lang="en" lang="en">
 <head>
  <title>
</title>
<meta http-equiv="Content-Type" content="text/html;charset=utf-8" />
  <meta name='ocr-system' content='tesseract 3.04.00' />
  <meta name='ocr-capabilities' content='ocr_page ocr_carea ocr_par ocr_line ocrx_word'/>
</head>
<body>
  <div class='ocr_page' id='page_1' title='image "./analectahymnica18drevuoft_00214.png"; bbox 0 0 1650 2587; ppageno 0'>
   <div class='ocr_carea' id='block_1_1' title="bbox 733 146 989 182">
    <p class='ocr_par' dir='ltr' id='par_1_1' title="bbox 733 146 989 182">
     <span class='ocr_line' id='line_1_1' title="bbox 733 146 989 182; baseline 0 0"><span class='ocrx_word' id='word_1_1' title='bbox 733 146 989 182; x_wconf 82' lang='lat'>—211—</span> 
     </span>
    </p>
   </div>
   <div class='ocr_carea' id='block_1_2' title="bbox 224 238 710 712">
    <p class='ocr_par' dir='ltr' id='par_1_2' title="bbox 224 238 710 712">
     <span class='ocr_line' id='line_1_2' title="bbox 224 238 557 279; baseline 0.003 -9"><span class='ocrx_word' id='word_1_2' title='bbox 224 239 255 270; x_wconf 86' lang='lat'><strong>2.</strong></span> <span class='ocrx_word' id='word_1_3' title='bbox 281 238 403 271; x_wconf 85' lang='lat' dir='ltr'><strong>Horum</strong></span> <span class='ocrx_word' id='word_1_4' title='bbox 429 239 557 279; x_wconf 85' lang='lat' dir='ltr'><strong>quidam</strong></span> 
     </span>
     <span class='ocr_line' id='line_1_3' title="bbox 334 286 643 328; baseline 0.006 -11"><span class='ocrx_word' id='word_1_5' title='bbox 334 286 400 318; x_wconf 88' lang='lat' dir='ltr'><strong>dati</strong></span> <span class='ocrx_word' id='word_1_6' title='bbox 424 288 496 319; x_wconf 86' lang='lat' dir='ltr'><strong>sunt</strong></span> <span class='ocrx_word' id='word_1_7' title='bbox 521 286 643 328; x_wconf 83' lang='lat' dir='ltr'><strong>bestiis,</strong></span> 
     </span>
     <span class='ocr_line' id='line_1_4' title="bbox 283 332 623 372; baseline 0.006 -9"><span class='ocrx_word' id='word_1_8' title='bbox 283 332 418 372; x_wconf 78' lang='lat' dir='ltr'>Quidam</span> <span class='ocrx_word' id='word_1_9' title='bbox 444 333 623 365; x_wconf 77' lang='lat' dir='ltr'><strong>carceribus</strong></span> 
     </span>
     <span class='ocr_line' id='line_1_5' title="bbox 333 381 654 421; baseline 0.006 -10"><span class='ocrx_word' id='word_1_10' title='bbox 333 382 365 411; x_wconf 90' lang='lat' dir='ltr'><strong>et</strong></span> <span class='ocrx_word' id='word_1_11' title='bbox 389 381 516 420; x_wconf 87' lang='lat' dir='ltr'><strong>quidam</strong></span> <span class='ocrx_word' id='word_1_12' title='bbox 539 381 654 421; x_wconf 82' lang='lat' dir='ltr'><strong>gladiis</strong></span> 
     </span>
     <span class='ocr_line' id='line_1_6' title="bbox 378 427 710 468; baseline 0.006 -10"><span class='ocrx_word' id='word_1_13' title='bbox 378 427 423 459; x_wconf 87' lang='lat' dir='ltr'><strong>Et</strong></span> <span class='ocrx_word' id='word_1_14' title='bbox 446 427 528 468; x_wconf 87' lang='lat' dir='ltr'><strong>ignis</strong></span> <span class='ocrx_word' id='word_1_15' title='bbox 552 428 710 461; x_wconf 88' lang='lat' dir='ltr'><strong>incendio.</strong></span> 
     </span>
     <span class='ocr_line' id='line_1_7' title="bbox 225 482 436 518; baseline -0.005 -2"><span class='ocrx_word' id='word_1_16' title='bbox 225 485 256 518; x_wconf 85' lang='lat'><strong>3.</strong></span> <span class='ocrx_word' id='word_1_17' title='bbox 282 482 436 515; x_wconf 82' lang='lat' dir='ltr'>Antonini</span> 
     </span>
     <span class='ocr_line' id='line_1_8' title="bbox 333 530 629 570; baseline 0.003 -9"><span class='ocrx_word' id='word_1_18' title='bbox 333 530 409 562; x_wconf 77' lang='lat' dir='ltr'><strong>Veri</strong></span> <span class='ocrx_word' id='word_1_19' title='bbox 433 531 629 570; x_wconf 77' lang='lat' dir='ltr'><strong>temporibus</strong></span> 
     </span>
     <span class='ocr_line' id='line_1_9' title="bbox 281 576 447 609; baseline 0 0"><span class='ocrx_word' id='word_1_20' title='bbox 281 576 447 609; x_wconf 75' lang='lat' dir='ltr'>Ecclesiae</span> 
     </span>
     <span class='ocr_line' id='line_1_10' title="bbox 327 624 627 666; baseline 0.003 -11"><span class='ocrx_word' id='word_1_21' title='bbox 327 625 435 656; x_wconf 84' lang='lat' dir='ltr'><strong>multis</strong></span> <span class='ocrx_word' id='word_1_22' title='bbox 460 624 627 666; x_wconf 86' lang='lat' dir='ltr'><strong>generibus</strong></span> 
     </span>
     <span class='ocr_line' id='line_1_11' title="bbox 375 672 664 712; baseline 0.007 -9"><span class='ocrx_word' id='word_1_23' title='bbox 375 672 452 704; x_wconf 88' lang='lat' dir='ltr'><strong>Fuit</strong></span> <span class='ocrx_word' id='word_1_24' title='bbox 475 672 664 712; x_wconf 81' lang='lat' dir='ltr'><strong>persecutio.</strong></span> 
     </span>
    </p>
   </div>
   <div class='ocr_carea' id='block_1_3' title="bbox 225 727 750 955">
    <p class='ocr_par' dir='ltr' id='par_1_3' title="bbox 225 727 750 955">
     <span class='ocr_line' id='line_1_12' title="bbox 225 727 578 760; baseline -0.003 0"><span class='ocrx_word' id='word_1_25' title='bbox 225 729 257 760; x_wconf 85' lang='lat'><strong>4.</strong></span> <span class='ocrx_word' id='word_1_26' title='bbox 283 727 348 760; x_wconf 83' lang='lat' dir='ltr'><strong>Sed</strong></span> <span class='ocrx_word' id='word_1_27' title='bbox 375 728 448 759; x_wconf 74' lang='lat' dir='ltr'><strong>(lum</strong></span> <span class='ocrx_word' id='word_1_28' title='bbox 475 728 578 759; x_wconf 81' lang='lat' dir='ltr'><strong>credit</strong></span> 
     </span>
     <span class='ocr_line' id='line_1_13' title="bbox 330 776 589 807; baseline 0.008 -3"><span class='ocrx_word' id='word_1_29' title='bbox 330 783 398 806; x_wconf 83' lang='lat' dir='ltr'><strong>eam</strong></span> <span class='ocrx_word' id='word_1_30' title='bbox 426 776 589 807; x_wconf 86' lang='lat' dir='ltr'><strong>destruere</strong></span> 
     </span>
     <span class='ocr_line' id='line_1_14' title="bbox 279 821 456 854; baseline 0 0"><span class='ocrx_word' id='word_1_31' title='bbox 279 821 325 854; x_wconf 89' lang='lat' dir='ltr'><strong>Et</strong></span> <span class='ocrx_word' id='word_1_32' title='bbox 348 831 368 853; x_wconf 90' lang='lat' dir='ltr'><strong>a</strong></span> <span class='ocrx_word' id='word_1_33' title='bbox 391 821 456 854; x_wconf 88' lang='lat' dir='ltr'><strong>fide</strong></span> 
     </span>
     <span class='ocr_line' id='line_1_15' title="bbox 329 869 653 910; baseline 0.006 -11"><span class='ocrx_word' id='word_1_34' title='bbox 329 871 455 901; x_wconf 84' lang='lat' dir='ltr'><strong>sanctos</strong></span> <span class='ocrx_word' id='word_1_35' title='bbox 480 869 653 910; x_wconf 86' lang='lat' dir='ltr'><strong>retrahere,</strong></span> 
     </span>
     <span class='ocr_line' id='line_1_16' title="bbox 374 916 750 955; baseline 0.005 -8"><span class='ocrx_word' id='word_1_36' title='bbox 374 916 464 947; x_wconf 82' lang='lat' dir='ltr'><strong>Tunc</strong></span> <span class='ocrx_word' id='word_1_37' title='bbox 489 916 604 947; x_wconf 77' lang='lat' dir='ltr'><strong>crescit</strong></span> <span class='ocrx_word' id='word_1_38' title='bbox 628 916 750 955; x_wconf 85' lang='lat' dir='ltr'><strong>religio.</strong></span> 
     </span>
    </p>
   </div>
   <div class='ocr_carea' id='block_1_4' title="bbox 222 972 562 1060">
    <p class='ocr_par' dir='ltr' id='par_1_4' title="bbox 222 972 562 1060">
     <span class='ocr_line' id='line_1_17' title="bbox 222 972 500 1011; baseline -0.007 -7"><span class='ocrx_word' id='word_1_39' title='bbox 222 973 252 1005; x_wconf 91' lang='lat'><strong>5.</strong></span> <span class='ocrx_word' id='word_1_40' title='bbox 278 972 500 1011; x_wconf 84' lang='lat' dir='ltr'>Lugdunensis</span> 
     </span>
     <span class='ocr_line' id='line_1_18' title="bbox 324 1018 562 1060; baseline 0.004 -11"><span class='ocrx_word' id='word_1_41' title='bbox 324 1018 440 1050; x_wconf 90' lang='lat' dir='ltr'><strong>nobilis</strong></span> <span class='ocrx_word' id='word_1_42' title='bbox 465 1018 562 1060; x_wconf 84' lang='lat' dir='ltr'><strong>regio,</strong></span> 
     </span>
    </p>
   </div>
   <div class='ocr_carea' id='block_1_5' title="bbox 963 243 1303 370">
    <p class='ocr_par' dir='ltr' id='par_1_5' title="bbox 963 243 1303 370">
     <span class='ocr_line' id='line_1_19' title="bbox 963 243 1183 276; baseline -0.005 -1"><span class='ocrx_word' id='word_1_43' title='bbox 963 244 1026 276; x_wconf 87' lang='lat' dir='ltr'><strong>Tot</strong></span> <span class='ocrx_word' id='word_1_44' title='bbox 1050 243 1183 274; x_wconf 83' lang='lat' dir='ltr'><strong>militum</strong></span> 
     </span>
     <span class='ocr_line' id='line_1_20' title="bbox 1012 289 1303 330; baseline 0 -8"><span class='ocrx_word' id='word_1_45' title='bbox 1012 289 1128 322; x_wconf 79' lang='lat' dir='ltr'><strong>Christi</strong></span> <span class='ocrx_word' id='word_1_46' title='bbox 1152 290 1303 330; x_wconf 85' lang='lat' dir='ltr'><strong>martyrio</strong></span> 
     </span>
     <span class='ocr_line' id='line_1_21' title="bbox 1057 336 1224 370; baseline 0.012 -2"><span class='ocrx_word' id='word_1_47' title='bbox 1057 336 1224 370; x_wconf 66' lang='lat' dir='ltr'><strong>Decor-ata.</strong></span> 
     </span>
    </p>
   </div>
   <div class='ocr_carea' id='block_1_6' title="bbox 1072 438 1320 467">
    <p class='ocr_par' dir='ltr' id='par_1_6' title="bbox 1072 438 1320 467">
     <span class='ocr_line' id='line_1_22' title="bbox 1072 438 1320 467; baseline -0.004 -1"><span class='ocrx_word' id='word_1_48' title='bbox 1072 438 1118 466; x_wconf 78' lang='lat' dir='ltr'><strong>Ad</strong></span> <span class='ocrx_word' id='word_1_49' title='bbox 1137 438 1320 467; x_wconf 70' lang='lat' dir='ltr'><strong>Benedictus.</strong></span> 
     </span>
    </p>
   </div>
   <div class='ocr_carea' id='block_1_7' title="bbox 891 505 1247 545">
    <p class='ocr_par' dir='ltr' id='par_1_7' title="bbox 891 505 1247 545">
     <span class='ocr_line' id='line_1_23' title="bbox 891 505 1247 545; baseline 0.003 -8"><span class='ocrx_word' id='word_1_50' title='bbox 891 505 932 539; x_wconf 88' lang='lat' dir='ltr'><strong>A.</strong></span> <span class='ocrx_word' id='word_1_51' title='bbox 962 506 987 538; x_wconf 92' lang='grc' dir='ltr'><strong>Ο</strong></span> <span class='ocrx_word' id='word_1_52' title='bbox 1012 506 1105 538; x_wconf 86' lang='lat' dir='ltr'><strong>beate</strong></span> <span class='ocrx_word' id='word_1_53' title='bbox 1129 508 1247 545; x_wconf 84' lang='lat' dir='ltr'><strong>pastor,</strong></span> 
     </span>
    </p>
   </div>
   <div class='ocr_carea' id='block_1_8' title="bbox 959 552 1291 1060">
    <p class='ocr_par' dir='ltr' id='par_1_8' title="bbox 961 552 1241 632">
     <span class='ocr_line' id='line_1_24' title="bbox 1009 552 1202 592; baseline 0 -8"><span class='ocrx_word' id='word_1_54' title='bbox 1009 552 1062 592; x_wconf 86' lang='lat' dir='ltr'><strong>qui</strong></span> <span class='ocrx_word' id='word_1_55' title='bbox 1085 553 1202 592; x_wconf 83' lang='lat' dir='ltr'><strong>pavisti</strong></span> 
     </span>
     <span class='ocr_line' id='line_1_25' title="bbox 961 598 1241 632; baseline 0 0"><span class='ocrx_word' id='word_1_56' title='bbox 961 598 1141 632; x_wconf 75' lang='lat' dir='ltr'><strong>salubriter</strong></span> <span class='ocrx_word' id='word_1_57' title='bbox 1166 608 1241 632; x_wconf 84' lang='lat' dir='ltr'><strong>oves</strong></span> 
     </span>
    </p>

    <p class='ocr_par' dir='ltr' id='par_1_9' title="bbox 961 646 1262 731">
     <span class='ocr_line' id='line_1_26' title="bbox 1006 646 1262 686; baseline 0 -8"><span class='ocrx_word' id='word_1_58' title='bbox 1006 646 1109 686; x_wconf 82' lang='lat' dir='ltr'><strong>gregis</strong></span> <span class='ocrx_word' id='word_1_59' title='bbox 1136 646 1262 679; x_wconf 82' lang='lat' dir='ltr'><strong>Christi.</strong></span> 
     </span>
     <span class='ocr_line' id='line_1_27' title="bbox 961 692 1262 731; baseline 0.003 -7"><span class='ocrx_word' id='word_1_60' title='bbox 961 692 1022 725; x_wconf 90' lang='lat' dir='ltr'><strong>Pro</strong></span> <span class='ocrx_word' id='word_1_61' title='bbox 1047 701 1107 731; x_wconf 85' lang='lat' dir='ltr'><strong>quo</strong></span> <span class='ocrx_word' id='word_1_62' title='bbox 1131 696 1262 725; x_wconf 85' lang='lat' dir='ltr'><strong>mortem</strong></span> 
     </span>
    </p>

    <p class='ocr_par' dir='ltr' id='par_1_10' title="bbox 961 739 1220 818">
     <span class='ocr_line' id='line_1_28' title="bbox 1008 739 1220 779; baseline 0.009 -9"><span class='ocrx_word' id='word_1_63' title='bbox 1008 739 1074 779; x_wconf 88' lang='lat' dir='ltr'><strong>pati</strong></span> <span class='ocrx_word' id='word_1_64' title='bbox 1091 740 1220 772; x_wconf 90' lang='lat' dir='ltr'><strong>voluisti</strong></span> 
     </span>
     <span class='ocr_line' id='line_1_29' title="bbox 961 786 1188 818; baseline 0.004 -1"><span class='ocrx_word' id='word_1_65' title='bbox 961 786 1006 817; x_wconf 84' lang='lat' dir='ltr'><strong>Et</strong></span> <span class='ocrx_word' id='word_1_66' title='bbox 1029 788 1188 818; x_wconf 83' lang='lat' dir='ltr'><strong>aeternam</strong></span> 
     </span>
    </p>

    <p class='ocr_par' dir='ltr' id='par_1_11' title="bbox 959 834 1291 920">
     <span class='ocr_line' id='line_1_30' title="bbox 1010 834 1291 874; baseline 0 -9"><span class='ocrx_word' id='word_1_67' title='bbox 1010 834 1107 865; x_wconf 89' lang='lat' dir='ltr'><strong>vitam</strong></span> <span class='ocrx_word' id='word_1_68' title='bbox 1131 834 1291 874; x_wconf 78' lang='lat' dir='ltr'><strong>recepisti,</strong></span> 
     </span>
     <span class='ocr_line' id='line_1_31' title="bbox 959 880 1213 920; baseline 0 -8"><span class='ocrx_word' id='word_1_69' title='bbox 959 880 1100 920; x_wconf 86' lang='lat' dir='ltr'><strong>Impetra</strong></span> <span class='ocrx_word' id='word_1_70' title='bbox 1122 880 1213 912; x_wconf 92' lang='lat' dir='ltr'><strong>nobis</strong></span> 
     </span>
    </p>

    <p class='ocr_par' dir='ltr' id='par_1_12' title="bbox 963 928 1222 1005">
     <span class='ocr_line' id='line_1_32' title="bbox 1008 928 1222 967; baseline 0 -8"><span class='ocrx_word' id='word_1_71' title='bbox 1008 935 1083 959; x_wconf 86' lang='lat' dir='ltr'><strong>vera</strong></span> <span class='ocrx_word' id='word_1_72' title='bbox 1106 928 1222 967; x_wconf 85' lang='lat' dir='ltr'><strong>gaudia</strong></span> 
     </span>
     <span class='ocr_line' id='line_1_33' title="bbox 963 973 1152 1005; baseline 0 -1"><span class='ocrx_word' id='word_1_73' title='bbox 963 973 1039 1005; x_wconf 90' lang='lat' dir='ltr'><strong>Cum</strong></span> <span class='ocrx_word' id='word_1_74' title='bbox 1059 973 1152 1005; x_wconf 83' lang='lat' dir='ltr'><strong>sociis</strong></span> 
     </span>
    </p>

    <p class='ocr_par' dir='ltr' id='par_1_13' title="bbox 1007 1019 1254 1060">
     <span class='ocr_line' id='line_1_34' title="bbox 1007 1019 1254 1060; baseline -0.004 -9"><span class='ocrx_word' id='word_1_75' title='bbox 1007 1019 1080 1059; x_wconf 77' lang='lat' dir='ltr'><strong>tuiS‚</strong></span> <span class='ocrx_word' id='word_1_76' title='bbox 1105 1020 1254 1060; x_wconf 83' lang='lat' dir='ltr'><strong>Alleluja.</strong></span> 
     </span>
    </p>
   </div>
   <div class='ocr_carea' id='block_1_9' title="bbox 282 1092 1512 1128">
    <p class='ocr_par' dir='ltr' id='par_1_14' title="bbox 282 1092 1512 1128">
     <span class='ocr_line' id='line_1_35' title="bbox 282 1092 1512 1128; baseline 0 -8"><span class='ocrx_word' id='word_1_77' title='bbox 282 1092 368 1120; x_wconf 81' lang='lat' dir='ltr'><strong>Brev.</strong></span> <span class='ocrx_word' id='word_1_78' title='bbox 388 1092 588 1119; x_wconf 74' lang='lat' dir='ltr'><strong>Athanatense</strong></span> <span class='ocrx_word' id='word_1_79' title='bbox 610 1093 680 1128; x_wconf 81' lang='lat' dir='ltr'><strong>imp.</strong></span> <span class='ocrx_word' id='word_1_80' title='bbox 706 1093 738 1119; x_wconf 84' lang='lat' dir='ltr'><strong>in</strong></span> <span class='ocrx_word' id='word_1_81' title='bbox 757 1092 906 1120; x_wconf 81' lang='lat' dir='ltr'><strong>Coenobio</strong></span> <span class='ocrx_word' id='word_1_82' title='bbox 926 1093 1119 1120; x_wconf 77' lang='lat' dir='ltr'><strong>Athanatensi</strong></span> <span class='ocrx_word' id='word_1_83' title='bbox 1146 1092 1228 1121; x_wconf 70' lang='lat'><strong>1520.</strong></span> <span class='ocrx_word' id='word_1_84' title='bbox 1254 1108 1291 1112; x_wconf 85' lang='lat'>—</span> <span class='ocrx_word' id='word_1_85' title='bbox 1316 1095 1353 1121; x_wconf 84' lang='lat' dir='ltr'><strong>In</strong></span> <span class='ocrx_word' id='word_1_86' title='bbox 1382 1093 1406 1121; x_wconf 97' lang='grc'><strong>1.</strong></span> <span class='ocrx_word' id='word_1_87' title='bbox 1426 1094 1464 1122; x_wconf 75' lang='grc' dir='ltr'><strong>Ν(</strong></span> <span class='ocrx_word' id='word_1_88' title='bbox 1473 1097 1512 1121; x_wconf 83' lang='lat' dir='ltr'><strong>et.</strong></span> 
     </span>
    </p>
   </div>
   <div class='ocr_carea' id='block_1_10' title="bbox 207 1126 501 1162">
    <p class='ocr_par' dir='ltr' id='par_1_15' title="bbox 207 1126 501 1162">
     <span class='ocr_line' id='line_1_36' title="bbox 207 1126 501 1162; baseline -0.007 -6"><span class='ocrx_word' id='word_1_89' title='bbox 207 1128 229 1155; x_wconf 88' lang='grc' dir='ltr'>Α</span> <span class='ocrx_word' id='word_1_90' title='bbox 250 1128 276 1162; x_wconf 89' lang='grc'><strong>5,</strong></span> <span class='ocrx_word' id='word_1_91' title='bbox 306 1126 323 1156; x_wconf 84' lang='lat'><strong>3</strong></span> <span class='ocrx_word' id='word_1_92' title='bbox 342 1129 388 1156; x_wconf 80' lang='lat' dir='ltr'><strong>Ad</strong></span> <span class='ocrx_word' id='word_1_93' title='bbox 407 1129 501 1157; x_wconf 82' lang='lat' dir='ltr'><strong>fidem.</strong></span> 
     </span>
    </p>
   </div>
   <div class='ocr_carea' id='block_1_11' title="bbox 558 1127 1509 1165">
    <p class='ocr_par' dir='ltr' id='par_1_16' title="bbox 558 1127 1509 1165">
     <span class='ocr_line' id='line_1_37' title="bbox 558 1127 1509 1165; baseline 0.003 -9"><span class='ocrx_word' id='word_1_94' title='bbox 558 1146 561 1149; x_wconf 97' lang='lat'>-</span> <span class='ocrx_word' id='word_1_95' title='bbox 593 1127 612 1155; x_wconf 99' lang='lat' dir='ltr'>R</span> <span class='ocrx_word' id='word_1_96' title='bbox 633 1129 653 1157; x_wconf 87' lang='lat'>4</span> <span class='ocrx_word' id='word_1_97' title='bbox 671 1131 830 1165; x_wconf 79' lang='lat' dir='ltr'><strong>prosaisch.</strong></span> <span class='ocrx_word' id='word_1_98' title='bbox 857 1145 894 1151; x_wconf 83' lang='lat'><strong>—-</strong></span> <span class='ocrx_word' id='word_1_99' title='bbox 920 1131 957 1157; x_wconf 86' lang='lat' dir='ltr'><strong>In</strong></span> <span class='ocrx_word' id='word_1_100' title='bbox 977 1131 1026 1158; x_wconf 77' lang='lat' dir='ltr'><strong>der</strong></span> <span class='ocrx_word' id='word_1_101' title='bbox 1046 1128 1073 1158; x_wconf 80' lang='grc'><strong>2.</strong></span> <span class='ocrx_word' id='word_1_102' title='bbox 1094 1131 1177 1158; x_wconf 66' lang='lat' dir='ltr'><strong>Nost.</strong></span> <span class='ocrx_word' id='word_1_103' title='bbox 1198 1131 1264 1158; x_wconf 51' lang='lat' dir='ltr'><strong>sind</strong></span> <span class='ocrx_word' id='word_1_104' title='bbox 1283 1129 1301 1158; x_wconf 87' lang='lat'><strong>3</strong></span> <span class='ocrx_word' id='word_1_105' title='bbox 1323 1129 1369 1158; x_wconf 87' lang='grc' dir='ltr'><strong>ΑΑ</strong></span> <span class='ocrx_word' id='word_1_106' title='bbox 1391 1132 1437 1159; x_wconf 59' lang='lat' dir='ltr'><strong>div</strong></span> <span class='ocrx_word' id='word_1_107' title='bbox 1457 1141 1509 1159; x_wconf 87' lang='lat' dir='ltr'><strong>un-</strong></span> 
     </span>
    </p>
   </div>
   <div class='ocr_carea' id='block_1_12' title="bbox 205 1165 1510 1203">
    <p class='ocr_par' dir='ltr' id='par_1_17' title="bbox 205 1165 1510 1203">
     <span class='ocr_line' id='line_1_38' title="bbox 205 1165 1510 1203; baseline 0.002 -10"><span class='ocrx_word' id='word_1_108' title='bbox 205 1168 332 1203; x_wconf 70' lang='lat' dir='ltr'><strong>ger-aden</strong></span> <span class='ocrx_word' id='word_1_109' title='bbox 351 1167 412 1194; x_wconf 83' lang='lat' dir='ltr'><strong>und</strong></span> <span class='ocrx_word' id='word_1_110' title='bbox 435 1165 449 1194; x_wconf 89' lang='grc'>1</span> <span class='ocrx_word' id='word_1_111' title='bbox 466 1165 495 1199; x_wconf 86' lang='lat' dir='ltr'><strong>R,</strong></span> <span class='ocrx_word' id='word_1_112' title='bbox 517 1166 568 1194; x_wconf 85' lang='lat' dir='ltr'><strong>das</strong></span> <span class='ocrx_word' id='word_1_113' title='bbox 588 1170 671 1201; x_wconf 84' lang='lat' dir='ltr'><strong>erste,</strong></span> <span class='ocrx_word' id='word_1_114' title='bbox 691 1168 852 1203; x_wconf 81' lang='lat' dir='ltr'><strong>prosaisch.</strong></span> <span class='ocrx_word' id='word_1_115' title='bbox 873 1181 909 1186; x_wconf 89' lang='lat'><strong>—</strong></span> <span class='ocrx_word' id='word_1_116' title='bbox 928 1168 965 1195; x_wconf 90' lang='lat' dir='ltr'><strong>In</strong></span> <span class='ocrx_word' id='word_1_117' title='bbox 985 1169 1036 1196; x_wconf 84' lang='lat' dir='ltr'><strong>der</strong></span> <span class='ocrx_word' id='word_1_118' title='bbox 1048 1165 1076 1195; x_wconf 77' lang='grc'><strong>3.</strong></span> <span class='ocrx_word' id='word_1_119' title='bbox 1092 1168 1176 1196; x_wconf 76' lang='lat' dir='ltr'><strong>Noct.</strong></span> <span class='ocrx_word' id='word_1_120' title='bbox 1190 1170 1230 1196; x_wconf 85' lang='lat' dir='ltr'><strong>ist</strong></span> <span class='ocrx_word' id='word_1_121' title='bbox 1243 1168 1289 1196; x_wconf 79' lang='lat' dir='ltr'><strong>die</strong></span> <span class='ocrx_word' id='word_1_122' title='bbox 1304 1167 1326 1194; x_wconf 88' lang='grc' dir='ltr'>Α</span> <span class='ocrx_word' id='word_1_123' title='bbox 1340 1169 1378 1196; x_wconf 78' lang='lat' dir='ltr'><strong>ud</strong></span> <span class='ocrx_word' id='word_1_124' title='bbox 1389 1170 1510 1197; x_wconf 76' lang='lat' dir='ltr'><strong>Cantica</strong></span> 
     </span>
    </p>
   </div>
   <div class='ocr_carea' id='block_1_13' title="bbox 204 1203 1026 1241">
    <p class='ocr_par' dir='ltr' id='par_1_18' title="bbox 204 1203 1026 1241">
     <span class='ocr_line' id='line_1_39' title="bbox 204 1203 1026 1241; baseline -0.001 -10"><span class='ocrx_word' id='word_1_125' title='bbox 204 1205 264 1231; x_wconf 83' lang='lat' dir='ltr'><strong>und</strong></span> <span class='ocrx_word' id='word_1_126' title='bbox 284 1206 336 1232; x_wconf 82' lang='lat' dir='ltr'><strong>das</strong></span> <span class='ocrx_word' id='word_1_127' title='bbox 357 1208 433 1232; x_wconf 84' lang='lat' dir='ltr'><strong>erste</strong></span> <span class='ocrx_word' id='word_1_128' title='bbox 451 1203 471 1231; x_wconf 90' lang='lat' dir='ltr'>R</span> <span class='ocrx_word' id='word_1_129' title='bbox 494 1206 653 1240; x_wconf 83' lang='lat' dir='ltr'><strong>prosaiseh.</strong></span> <span class='ocrx_word' id='word_1_130' title='bbox 680 1221 716 1224; x_wconf 95' lang='lat'><strong>—</strong></span> <span class='ocrx_word' id='word_1_131' title='bbox 743 1203 763 1231; x_wconf 92' lang='lat' dir='ltr'>R</span> <span class='ocrx_word' id='word_1_132' title='bbox 787 1203 811 1241; x_wconf 87' lang='lat'><strong>1,</strong></span> <span class='ocrx_word' id='word_1_133' title='bbox 841 1204 858 1233; x_wconf 85' lang='lat'>9</span> <span class='ocrx_word' id='word_1_134' title='bbox 878 1206 1026 1233; x_wconf 70' lang='lat' dir='ltr'><strong>furientes.</strong></span> 
     </span>
    </p>
   </div>
   <div class='ocr_carea' id='block_1_14' title="bbox 1116 1204 1508 1242">
    <p class='ocr_par' dir='ltr' id='par_1_19' title="bbox 1116 1204 1508 1242">
     <span class='ocr_line' id='line_1_40' title="bbox 1116 1204 1508 1242; baseline 0.005 -10"><span class='ocrx_word' id='word_1_135' title='bbox 1116 1204 1137 1232; x_wconf 87' lang='lat' dir='ltr'>R</span> <span class='ocrx_word' id='word_1_136' title='bbox 1158 1204 1183 1240; x_wconf 81' lang='lat'><strong>2,</strong></span> <span class='ocrx_word' id='word_1_137' title='bbox 1207 1205 1221 1233; x_wconf 90' lang='grc'>1</span> <span class='ocrx_word' id='word_1_138' title='bbox 1244 1208 1416 1242; x_wconf 65' lang='lat' dir='ltr'><strong>Corporibus</strong></span> <span class='ocrx_word' id='word_1_139' title='bbox 1440 1207 1508 1234; x_wconf 80' lang='lat' dir='ltr'><strong>illc-</strong></span> 
     </span>
    </p>
   </div>
   <div class='ocr_carea' id='block_1_15' title="bbox 203 1240 1491 1317">
    <p class='ocr_par' dir='ltr' id='par_1_20' title="bbox 203 1240 1491 1317">
     <span class='ocr_line' id='line_1_41' title="bbox 203 1240 1491 1278; baseline 0.002 -9"><span class='ocrx_word' id='word_1_140' title='bbox 203 1251 276 1269; x_wconf 85' lang='lat' dir='ltr'><strong>rum.</strong></span> <span class='ocrx_word' id='word_1_141' title='bbox 304 1258 340 1261; x_wconf 97' lang='lat'><strong>—</strong></span> <span class='ocrx_word' id='word_1_142' title='bbox 369 1240 390 1268; x_wconf 96' lang='lat' dir='ltr'>R</span> <span class='ocrx_word' id='word_1_143' title='bbox 411 1241 437 1276; x_wconf 89' lang='grc'><strong>2,</strong></span> <span class='ocrx_word' id='word_1_144' title='bbox 462 1241 480 1269; x_wconf 90' lang='grc'>2</span> <span class='ocrx_word' id='word_1_145' title='bbox 500 1243 531 1269; x_wconf 85' lang='lat' dir='ltr'><strong>in</strong></span> <span class='ocrx_word' id='word_1_146' title='bbox 546 1243 626 1270; x_wconf 77' lang='lat' dir='ltr'><strong>fehlt.</strong></span> <span class='ocrx_word' id='word_1_147' title='bbox 654 1257 691 1262; x_wconf 84' lang='lat'><strong>-—</strong></span> <span class='ocrx_word' id='word_1_148' title='bbox 719 1240 739 1268; x_wconf 94' lang='lat' dir='ltr'>R</span> <span class='ocrx_word' id='word_1_149' title='bbox 760 1241 786 1276; x_wconf 85' lang='lat'><strong>2,</strong></span> <span class='ocrx_word' id='word_1_150' title='bbox 815 1242 850 1271; x_wconf 89' lang='grc'><strong>10</strong></span> <span class='ocrx_word' id='word_1_151' title='bbox 868 1243 1013 1271; x_wconf 84' lang='lat' dir='ltr'><strong>Lacerata</strong></span> <span class='ocrx_word' id='word_1_152' title='bbox 1031 1244 1141 1271; x_wconf 83' lang='lat' dir='ltr'><strong>sancta.</strong></span> <span class='ocrx_word' id='word_1_153' title='bbox 1169 1260 1206 1264; x_wconf 90' lang='lat'><strong>—</strong></span> <span class='ocrx_word' id='word_1_154' title='bbox 1235 1241 1255 1269; x_wconf 96' lang='lat' dir='ltr'>R</span> <span class='ocrx_word' id='word_1_155' title='bbox 1276 1241 1302 1277; x_wconf 85' lang='lat'><strong>2,</strong></span> <span class='ocrx_word' id='word_1_156' title='bbox 1326 1242 1491 1278; x_wconf 69' lang='lat' dir='ltr'><strong>12.San9;ui</strong></span> 
     </span>
     <span class='ocr_line' id='line_1_42' title="bbox 204 1277 1189 1317; baseline 0.002 -10"><span class='ocrx_word' id='word_1_157' title='bbox 204 1282 344 1307; x_wconf 79' lang='lat' dir='ltr'><strong>sacratus.</strong></span> <span class='ocrx_word' id='word_1_158' title='bbox 367 1294 405 1299; x_wconf 85' lang='lat'>—</span> <span class='ocrx_word' id='word_1_159' title='bbox 423 1281 460 1308; x_wconf 79' lang='lat' dir='ltr'><strong>In</strong></span> <span class='ocrx_word' id='word_1_160' title='bbox 479 1277 506 1307; x_wconf 89' lang='grc'><strong>2.</strong></span> <span class='ocrx_word' id='word_1_161' title='bbox 527 1281 617 1316; x_wconf 80' lang='lat' dir='ltr'><strong>Vesp.</strong></span> <span class='ocrx_word' id='word_1_162' title='bbox 638 1281 675 1308; x_wconf 74' lang='lat' dir='ltr'><strong>ad</strong></span> <span class='ocrx_word' id='word_1_163' title='bbox 694 1281 792 1317; x_wconf 78' lang='lat' dir='ltr'><strong>Magn.</strong></span> <span class='ocrx_word' id='word_1_164' title='bbox 814 1279 837 1307; x_wconf 85' lang='grc' dir='ltr'>Α</span> <span class='ocrx_word' id='word_1_165' title='bbox 857 1282 914 1308; x_wconf 77' lang='lat' dir='ltr'><strong>wie</strong></span> <span class='ocrx_word' id='word_1_166' title='bbox 934 1282 967 1308; x_wconf 82' lang='lat' dir='ltr'><strong>in</strong></span> <span class='ocrx_word' id='word_1_167' title='bbox 984 1282 1034 1309; x_wconf 77' lang='lat' dir='ltr'><strong>der</strong></span> <span class='ocrx_word' id='word_1_168' title='bbox 1055 1280 1080 1308; x_wconf 86' lang='grc'><strong>1.</strong></span> <span class='ocrx_word' id='word_1_169' title='bbox 1099 1281 1189 1317; x_wconf 83' lang='lat' dir='ltr'><strong>Vesp.</strong></span> 
     </span>
    </p>
   </div>
   <div class='ocr_carea' id='block_1_16' title="bbox 668 1408 1047 1440">
    <p class='ocr_par' dir='ltr' id='par_1_21' title="bbox 668 1408 1047 1440">
     <span class='ocr_line' id='line_1_43' title="bbox 668 1408 1047 1440; baseline 0.003 -1"><span class='ocrx_word' id='word_1_170' title='bbox 668 1408 716 1439; x_wconf 87' lang='lat'><strong>80.</strong></span> <span class='ocrx_word' id='word_1_171' title='bbox 756 1408 800 1439; x_wconf 80' lang='lat' dir='ltr'><strong>De</strong></span> <span class='ocrx_word' id='word_1_172' title='bbox 820 1409 926 1440; x_wconf 80' lang='lat' dir='ltr'><strong>saneto</strong></span> <span class='ocrx_word' id='word_1_173' title='bbox 948 1410 1047 1440; x_wconf 84' lang='lat' dir='ltr'><strong>Piato.</strong></span> 
     </span>
    </p>
   </div>
   <div class='ocr_carea' id='block_1_17' title="bbox 349 1496 693 1536">
    <p class='ocr_par' dir='ltr' id='par_1_22' title="bbox 349 1496 693 1536">
     <span class='ocr_line' id='line_1_44' title="bbox 349 1496 693 1536; baseline 0 -7"><span class='ocrx_word' id='word_1_174' title='bbox 349 1497 395 1529; x_wconf 90' lang='lat' dir='ltr'><strong>In</strong></span> <span class='ocrx_word' id='word_1_175' title='bbox 422 1498 452 1530; x_wconf 87' lang='lat'><strong>1.</strong></span> <span class='ocrx_word' id='word_1_176' title='bbox 479 1496 693 1536; x_wconf 73' lang='lat' dir='ltr'><strong>vesperis.</strong></span> 
     </span>
    </p>
   </div>
   <div class='ocr_carea' id='block_1_18' title="bbox 418 1571 614 1606">
    <p class='ocr_par' dir='ltr' id='par_1_23' title="bbox 418 1571 614 1606">
     <span class='ocr_line' id='line_1_45' title="bbox 418 1571 614 1606; baseline 0.005 -8"><span class='ocrx_word' id='word_1_177' title='bbox 418 1571 614 1606; x_wconf 82' lang='lat' dir='ltr'><strong>Antiphonae.</strong></span> 
     </span>
    </p>
   </div>
   <div class='ocr_carea' id='block_1_19' title="bbox 219 1629 757 1811">
    <p class='ocr_par' dir='ltr' id='par_1_24' title="bbox 219 1629 757 1811">
     <span class='ocr_line' id='line_1_46' title="bbox 219 1629 627 1669; baseline -0.005 -7"><span class='ocrx_word' id='word_1_178' title='bbox 219 1629 249 1662; x_wconf 85' lang='lat'><strong>1.</strong></span> <span class='ocrx_word' id='word_1_179' title='bbox 279 1629 375 1662; x_wconf 78' lang='lat' dir='ltr'><strong>Clara</strong></span> <span class='ocrx_word' id='word_1_180' title='bbox 398 1629 500 1669; x_wconf 86' lang='lat' dir='ltr'><strong>patris</strong></span> <span class='ocrx_word' id='word_1_181' title='bbox 525 1629 627 1660; x_wconf 86' lang='lat' dir='ltr'><strong>nostri</strong></span> 
     </span>
     <span class='ocr_line' id='line_1_47' title="bbox 323 1675 743 1718; baseline 0 -11"><span class='ocrx_word' id='word_1_182' title='bbox 323 1676 518 1708; x_wconf 84' lang='lat' dir='ltr'><strong>celebremus</strong></span> <span class='ocrx_word' id='word_1_183' title='bbox 545 1675 628 1708; x_wconf 83' lang='lat' dir='ltr'><strong>festa</strong></span> <span class='ocrx_word' id='word_1_184' title='bbox 650 1675 743 1718; x_wconf 83' lang='lat' dir='ltr'><strong>Piati,</strong></span> 
     </span>
     <span class='ocr_line' id='line_1_48' title="bbox 274 1721 714 1763; baseline -0.002 -7"><span class='ocrx_word' id='word_1_185' title='bbox 274 1725 361 1763; x_wconf 65' lang='lat' dir='ltr'><strong>Quae</strong></span> <span class='ocrx_word' id='word_1_186' title='bbox 384 1725 535 1755; x_wconf 84' lang='lat' dir='ltr'><strong>resonant</strong></span> <span class='ocrx_word' id='word_1_187' title='bbox 559 1725 625 1755; x_wconf 81' lang='lat' dir='ltr'><strong>toto</strong></span> <span class='ocrx_word' id='word_1_188' title='bbox 703 1721 714 1726; x_wconf 76' lang='grc'><strong><em>’</em></strong></span> 
     </span>
     <span class='ocr_line' id='line_1_49' title="bbox 319 1770 757 1811; baseline 0 -8"><span class='ocrx_word' id='word_1_189' title='bbox 319 1771 446 1811; x_wconf 83' lang='lat' dir='ltr'><strong>populis</strong></span> <span class='ocrx_word' id='word_1_190' title='bbox 470 1770 606 1811; x_wconf 82' lang='lat' dir='ltr'><strong>insignia</strong></span> <span class='ocrx_word' id='word_1_191' title='bbox 629 1770 757 1804; x_wconf 80' lang='lat' dir='ltr'><strong>mundo,</strong></span> 
     </span>
    </p>
   </div>
   <div class='ocr_carea' id='block_1_20' title="bbox 214 1836 825 2018">
    <p class='ocr_par' dir='ltr' id='par_1_25' title="bbox 214 1836 825 2018">
     <span class='ocr_line' id='line_1_50' title="bbox 214 1836 542 1876; baseline -0.012 -5"><span class='ocrx_word' id='word_1_192' title='bbox 214 1840 247 1871; x_wconf 85' lang='lat'><strong>2.</strong></span> <span class='ocrx_word' id='word_1_193' title='bbox 272 1837 373 1876; x_wconf 80' lang='lat' dir='ltr'><strong>Regia</strong></span> <span class='ocrx_word' id='word_1_194' title='bbox 397 1836 542 1869; x_wconf 86' lang='lat' dir='ltr'><strong>coelestis</strong></span> 
     </span>
     <span class='ocr_line' id='line_1_51' title="bbox 323 1884 825 1925; baseline 0.002 -10"><span class='ocrx_word' id='word_1_195' title='bbox 323 1885 483 1916; x_wconf 81' lang='lat' dir='ltr'><strong>exsultans</strong></span> <span class='ocrx_word' id='word_1_196' title='bbox 512 1886 693 1924; x_wconf 83' lang='lat' dir='ltr'><strong>perstrepet</strong></span> <span class='ocrx_word' id='word_1_197' title='bbox 714 1884 825 1925; x_wconf 85' lang='lat' dir='ltr'><strong>omnis,</strong></span> 
     </span>
     <span class='ocr_line' id='line_1_52' title="bbox 271 1931 649 1971; baseline -0.003 -7"><span class='ocrx_word' id='word_1_198' title='bbox 271 1931 326 1964; x_wconf 82' lang='lat' dir='ltr'><strong>Ad</strong></span> <span class='ocrx_word' id='word_1_199' title='bbox 350 1940 482 1971; x_wconf 88' lang='lat' dir='ltr'><strong>superos</strong></span> <span class='ocrx_word' id='word_1_200' title='bbox 506 1934 649 1963; x_wconf 84' lang='lat' dir='ltr'><strong>sanctum</strong></span> 
     </span>
     <span class='ocr_line' id='line_1_53' title="bbox 323 1978 752 2018; baseline 0.002 -8"><span class='ocrx_word' id='word_1_201' title='bbox 323 1978 418 2018; x_wconf 86' lang='lat' dir='ltr'><strong>digne</strong></span> <span class='ocrx_word' id='word_1_202' title='bbox 441 1978 594 2018; x_wconf 86' lang='lat' dir='ltr'><strong>migrasse</strong></span> <span class='ocrx_word' id='word_1_203' title='bbox 618 1978 752 2011; x_wconf 87' lang='lat' dir='ltr'><strong>Piatum.</strong></span> 
     </span>
    </p>
   </div>
   <div class='ocr_carea' id='block_1_21' title="bbox 216 2043 758 2226">
    <p class='ocr_par' dir='ltr' id='par_1_26' title="bbox 216 2043 758 2226">
     <span class='ocr_line' id='line_1_54' title="bbox 216 2043 616 2085; baseline -0.015 -5"><span class='ocrx_word' id='word_1_204' title='bbox 216 2048 247 2080; x_wconf 85' lang='lat'><strong>3.</strong></span> <span class='ocrx_word' id='word_1_205' title='bbox 272 2047 333 2079; x_wconf 84' lang='lat' dir='ltr'><strong>Est</strong></span> <span class='ocrx_word' id='word_1_206' title='bbox 355 2044 452 2085; x_wconf 79' lang='lat' dir='ltr'><strong>igitur</strong></span> <span class='ocrx_word' id='word_1_207' title='bbox 479 2043 616 2084; x_wconf 81' lang='lat' dir='ltr'><strong>dignum,</strong></span> 
     </span>
     <span class='ocr_line' id='line_1_55' title="bbox 319 2091 695 2133; baseline 0 -10"><span class='ocrx_word' id='word_1_208' title='bbox 319 2100 376 2123; x_wconf 87' lang='lat' dir='ltr'><strong>nos</strong></span> <span class='ocrx_word' id='word_1_209' title='bbox 403 2099 535 2123; x_wconf 83' lang='lat' dir='ltr'><strong>exorare</strong></span> <span class='ocrx_word' id='word_1_210' title='bbox 561 2091 695 2133; x_wconf 84' lang='lat' dir='ltr'><strong>Piatum,</strong></span> 
     </span>
     <span class='ocr_line' id='line_1_56' title="bbox 267 2138 593 2173; baseline -0.009 0"><span class='ocrx_word' id='word_1_211' title='bbox 267 2141 312 2173; x_wconf 85' lang='lat' dir='ltr'><strong>Ut</strong></span> <span class='ocrx_word' id='word_1_212' title='bbox 337 2138 436 2171; x_wconf 84' lang='lat' dir='ltr'><strong>faciat</strong></span> <span class='ocrx_word' id='word_1_213' title='bbox 457 2138 593 2172; x_wconf 88' lang='lat' dir='ltr'><strong>Domino</strong></span> 
     </span>
     <span class='ocr_line' id='line_1_57' title="bbox 320 2186 758 2226; baseline 0 -8"><span class='ocrx_word' id='word_1_214' title='bbox 320 2186 492 2226; x_wconf 84' lang='lat' dir='ltr'><strong>condignos</strong></span> <span class='ocrx_word' id='word_1_215' title='bbox 519 2193 588 2217; x_wconf 86' lang='lat' dir='ltr'><strong>esse</strong></span> <span class='ocrx_word' id='word_1_216' title='bbox 612 2193 758 2226; x_wconf 81' lang='lat' dir='ltr'><strong>superne.</strong></span> 
     </span>
    </p>
   </div>
   <div class='ocr_carea' id='block_1_22' title="bbox 214 2252 825 2430">
    <p class='ocr_par' dir='ltr' id='par_1_27' title="bbox 214 2252 825 2430">
     <span class='ocr_line' id='line_1_58' title="bbox 214 2252 609 2295; baseline -0.018 -5"><span class='ocrx_word' id='word_1_217' title='bbox 214 2257 245 2289; x_wconf 84' lang='lat'><strong>4.</strong></span> <span class='ocrx_word' id='word_1_218' title='bbox 270 2257 358 2295; x_wconf 85' lang='lat' dir='ltr'><strong>Ergo</strong></span> <span class='ocrx_word' id='word_1_219' title='bbox 382 2261 495 2294; x_wconf 84' lang='lat' dir='ltr'><strong>preces</strong></span> <span class='ocrx_word' id='word_1_220' title='bbox 522 2252 609 2284; x_wconf 86' lang='lat' dir='ltr'><strong>coelo</strong></span> 
     </span>
     <span class='ocr_line' id='line_1_59' title="bbox 318 2300 825 2342; baseline 0 -9"><span class='ocrx_word' id='word_1_221' title='bbox 318 2302 537 2342; x_wconf 75' lang='lat' dir='ltr'><strong>praesentans,</strong></span> <span class='ocrx_word' id='word_1_222' title='bbox 559 2303 692 2341; x_wconf 80' lang='lat' dir='ltr'><strong>martyr,</strong></span> <span class='ocrx_word' id='word_1_223' title='bbox 710 2300 743 2332; x_wconf 89' lang='lat' dir='ltr'><strong>in</strong></span> <span class='ocrx_word' id='word_1_224' title='bbox 760 2301 825 2333; x_wconf 85' lang='lat' dir='ltr'><strong>alto</strong></span> 
     </span>
     <span class='ocr_line' id='line_1_60' title="bbox 269 2348 656 2393; baseline -0.018 -8"><span class='ocrx_word' id='word_1_225' title='bbox 269 2353 348 2393; x_wconf 81' lang='lat' dir='ltr'><strong>Fac,</strong></span> <span class='ocrx_word' id='word_1_226' title='bbox 375 2352 412 2381; x_wconf 81' lang='lat' dir='ltr'><strong>ut</strong></span> <span class='ocrx_word' id='word_1_227' title='bbox 435 2348 468 2380; x_wconf 87' lang='lat' dir='ltr'><strong>in</strong></span> <span class='ocrx_word' id='word_1_228' title='bbox 493 2349 656 2379; x_wconf 82' lang='lat' dir='ltr'><strong>aeternum</strong></span> 
     </span>
     <span class='ocr_line' id='line_1_61' title="bbox 318 2395 750 2430; baseline -0.002 0"><span class='ocrx_word' id='word_1_229' title='bbox 318 2398 480 2430; x_wconf 80' lang='lat' dir='ltr'><strong>valeamus</strong></span> <span class='ocrx_word' id='word_1_230' title='bbox 504 2395 612 2427; x_wconf 82' lang='lat' dir='ltr'><strong>vivere</strong></span> <span class='ocrx_word' id='word_1_231' title='bbox 636 2398 750 2430; x_wconf 85' lang='lat' dir='ltr'><strong>tecum.</strong></span> 
     </span>
    </p>
   </div>
   <div class='ocr_carea' id='block_1_23' title="bbox 902 1498 1481 1682">
    <p class='ocr_par' dir='ltr' id='par_1_28' title="bbox 902 1498 1481 1682">
     <span class='ocr_line' id='line_1_62' title="bbox 902 1498 1325 1532; baseline -0.005 0"><span class='ocrx_word' id='word_1_232' title='bbox 902 1499 933 1532; x_wconf 82' lang='lat'><strong>5.</strong></span> <span class='ocrx_word' id='word_1_233' title='bbox 959 1500 1031 1532; x_wconf 84' lang='lat' dir='ltr'><strong>Jam</strong></span> <span class='ocrx_word' id='word_1_234' title='bbox 1056 1498 1190 1530; x_wconf 87' lang='lat' dir='ltr'><strong>Domino</strong></span> <span class='ocrx_word' id='word_1_235' title='bbox 1217 1499 1325 1532; x_wconf 88' lang='lat' dir='ltr'><strong>vivens</strong></span> 
     </span>
     <span class='ocr_line' id='line_1_63' title="bbox 1007 1547 1481 1586; baseline 0.002 -9"><span class='ocrx_word' id='word_1_236' title='bbox 1007 1549 1039 1577; x_wconf 89' lang='lat' dir='ltr'><strong>et</strong></span> <span class='ocrx_word' id='word_1_237' title='bbox 1062 1554 1183 1577; x_wconf 85' lang='lat' dir='ltr'><strong>summa</strong></span> <span class='ocrx_word' id='word_1_238' title='bbox 1202 1554 1282 1586; x_wconf 84' lang='lat' dir='ltr'><strong>pace</strong></span> <span class='ocrx_word' id='word_1_239' title='bbox 1307 1547 1481 1585; x_wconf 80' lang='lat' dir='ltr'><strong>quiescens,</strong></span> 
     </span>
     <span class='ocr_line' id='line_1_64' title="bbox 958 1592 1266 1633; baseline 0 -8"><span class='ocrx_word' id='word_1_240' title='bbox 958 1593 1022 1625; x_wconf 87' lang='lat' dir='ltr'><strong>Ora</strong></span> <span class='ocrx_word' id='word_1_241' title='bbox 1046 1601 1104 1633; x_wconf 84' lang='lat' dir='ltr'><strong>pro</strong></span> <span class='ocrx_word' id='word_1_242' title='bbox 1130 1592 1266 1632; x_wconf 65' lang='lat' dir='ltr'><strong>famuliS„</strong></span> 
     </span>
     <span class='ocr_line' id='line_1_65' title="bbox 1005 1640 1337 1682; baseline 0 -10"><span class='ocrx_word' id='word_1_243' title='bbox 1005 1642 1113 1672; x_wconf 86' lang='lat' dir='ltr'><strong>sancte</strong></span> <span class='ocrx_word' id='word_1_244' title='bbox 1138 1640 1239 1682; x_wconf 79' lang='lat' dir='ltr'><strong>Piate,</strong></span> <span class='ocrx_word' id='word_1_245' title='bbox 1266 1641 1337 1672; x_wconf 73' lang='lat' dir='ltr'><strong>tuis.</strong></span> 
     </span>
    </p>
   </div>
   <div class='ocr_carea' id='block_1_24' title="bbox 1023 1734 1376 1836">
    <p class='ocr_par' dir='ltr' id='par_1_29' title="bbox 1023 1734 1376 1836">
     <span class='ocr_line' id='line_1_66' title="bbox 1023 1734 1376 1768; baseline 0.006 -2"><span class='ocrx_word' id='word_1_246' title='bbox 1023 1734 1068 1766; x_wconf 87' lang='lat' dir='ltr'><strong>In</strong></span> <span class='ocrx_word' id='word_1_247' title='bbox 1095 1735 1125 1766; x_wconf 88' lang='lat'><strong>1.</strong></span> <span class='ocrx_word' id='word_1_248' title='bbox 1153 1734 1376 1768; x_wconf 82' lang='lat' dir='ltr'><strong>Nocturno.</strong></span> 
     </span>
     <span class='ocr_line' id='line_1_67' title="bbox 1098 1798 1293 1836; baseline 0.005 -10"><span class='ocrx_word' id='word_1_249' title='bbox 1098 1798 1293 1836; x_wconf 84' lang='lat' dir='ltr'><strong>Antiphonae.</strong></span> 
     </span>
    </p>
   </div>
   <div class='ocr_carea' id='block_1_25' title="bbox 900 1858 1423 2032">
    <p class='ocr_par' dir='ltr' id='par_1_30' title="bbox 900 1858 1423 2032">
     <span class='ocr_line' id='line_1_68' title="bbox 900 1858 1340 1898; baseline -0.005 -6"><span class='ocrx_word' id='word_1_250' title='bbox 900 1858 930 1892; x_wconf 85' lang='lat'><strong>1.</strong></span> <span class='ocrx_word' id='word_1_251' title='bbox 953 1858 1091 1898; x_wconf 85' lang='lat' dir='ltr'><strong>Insignis</strong></span> <span class='ocrx_word' id='word_1_252' title='bbox 1115 1858 1340 1890; x_wconf 83' lang='lat' dir='ltr'><strong>Beneventana</strong></span> 
     </span>
     <span class='ocr_line' id='line_1_69' title="bbox 1000 1905 1247 1937; baseline 0.004 -1"><span class='ocrx_word' id='word_1_253' title='bbox 1000 1906 1114 1937; x_wconf 88' lang='lat' dir='ltr'><strong>tellure</strong></span> <span class='ocrx_word' id='word_1_254' title='bbox 1138 1905 1247 1937; x_wconf 85' lang='lat' dir='ltr'><strong>Piatus</strong></span> 
     </span>
     <span class='ocr_line' id='line_1_70' title="bbox 956 1951 1201 1984; baseline -0.004 0"><span class='ocrx_word' id='word_1_255' title='bbox 956 1952 1058 1984; x_wconf 87' lang='lat' dir='ltr'><strong>Glaris</strong></span> <span class='ocrx_word' id='word_1_256' title='bbox 1084 1951 1201 1983; x_wconf 76' lang='lat' dir='ltr'><strong>effulsit</strong></span> 
     </span>
     <span class='ocr_line' id='line_1_71' title="bbox 1001 1998 1423 2032; baseline 0.002 -1"><span class='ocrx_word' id='word_1_257' title='bbox 1001 1999 1117 2031; x_wconf 89' lang='lat' dir='ltr'><strong>mundo</strong></span> <span class='ocrx_word' id='word_1_258' title='bbox 1142 1998 1301 2032; x_wconf 83' lang='lat' dir='ltr'><strong>natalibus</strong></span> <span class='ocrx_word' id='word_1_259' title='bbox 1326 2002 1423 2032; x_wconf 82' lang='lat' dir='ltr'><strong>ortus.</strong></span> 
     </span>
    </p>
   </div>
   <div class='ocr_carea' id='block_1_26' title="bbox 896 2056 1426 2231">
    <p class='ocr_par' dir='ltr' id='par_1_31' title="bbox 896 2056 1426 2231">
     <span class='ocr_line' id='line_1_72' title="bbox 896 2056 1244 2088; baseline -0.006 0"><span class='ocrx_word' id='word_1_260' title='bbox 896 2058 928 2088; x_wconf 85' lang='lat'><strong>2.</strong></span> <span class='ocrx_word' id='word_1_261' title='bbox 954 2056 1078 2088; x_wconf 87' lang='lat' dir='ltr'><strong>Felices</strong></span> <span class='ocrx_word' id='word_1_262' title='bbox 1102 2058 1244 2086; x_wconf 87' lang='lat' dir='ltr'><strong>sanctum</strong></span> 
     </span>
     <span class='ocr_line' id='line_1_73' title="bbox 1000 2103 1426 2144; baseline 0.007 -11"><span class='ocrx_word' id='word_1_263' title='bbox 1000 2107 1107 2142; x_wconf 87' lang='lat' dir='ltr'><strong>patres</strong></span> <span class='ocrx_word' id='word_1_264' title='bbox 1132 2111 1268 2142; x_wconf 87' lang='lat' dir='ltr'><strong>genuere</strong></span> <span class='ocrx_word' id='word_1_265' title='bbox 1292 2103 1426 2144; x_wconf 86' lang='lat' dir='ltr'><strong>Piatum,</strong></span> 
     </span>
     <span class='ocr_line' id='line_1_74' title="bbox 955 2149 1321 2189; baseline 0.003 -9"><span class='ocrx_word' id='word_1_266' title='bbox 955 2150 1015 2189; x_wconf 81' lang='lat' dir='ltr'><strong>Qui</strong></span> <span class='ocrx_word' id='word_1_267' title='bbox 1040 2149 1200 2182; x_wconf 86' lang='lat' dir='ltr'><strong>Christum</strong></span> <span class='ocrx_word' id='word_1_268' title='bbox 1226 2150 1321 2182; x_wconf 90' lang='lat' dir='ltr'><strong>corde</strong></span> 
     </span>
     <span class='ocr_line' id='line_1_75' title="bbox 1000 2197 1355 2231; baseline 0.006 -3"><span class='ocrx_word' id='word_1_269' title='bbox 1000 2199 1067 2228; x_wconf 85' lang='lat' dir='ltr'><strong>toto</strong></span> <span class='ocrx_word' id='word_1_270' title='bbox 1093 2197 1205 2228; x_wconf 79' lang='lat' dir='ltr'><strong>dilexit</strong></span> <span class='ocrx_word' id='word_1_271' title='bbox 1228 2197 1355 2231; x_wconf 88' lang='lat' dir='ltr'><strong>habere.</strong></span> 
     </span>
    </p>
   </div>
   <div class='ocr_carea' id='block_1_27' title="bbox 896 2253 1456 2480">
    <p class='ocr_par' dir='ltr' id='par_1_32' title="bbox 896 2253 1456 2480">
     <span class='ocr_line' id='line_1_76' title="bbox 896 2253 1280 2293; baseline -0.005 -6"><span class='ocrx_word' id='word_1_272' title='bbox 896 2256 927 2287; x_wconf 89' lang='lat'><strong>3.</strong></span> <span class='ocrx_word' id='word_1_273' title='bbox 955 2254 1062 2286; x_wconf 86' lang='lat' dir='ltr'><strong>Crevit</strong></span> <span class='ocrx_word' id='word_1_274' title='bbox 1086 2253 1280 2293; x_wconf 85' lang='lat' dir='ltr'><strong>adolescens,</strong></span> 
     </span>
     <span class='ocr_line' id='line_1_77' title="bbox 999 2300 1428 2345; baseline 0.005 -12"><span class='ocrx_word' id='word_1_275' title='bbox 999 2300 1138 2341; x_wconf 86' lang='lat' dir='ltr'><strong>pueriles</strong></span> <span class='ocrx_word' id='word_1_276' title='bbox 1164 2302 1241 2333; x_wconf 85' lang='lat' dir='ltr'><strong>vicit</strong></span> <span class='ocrx_word' id='word_1_277' title='bbox 1264 2304 1296 2333; x_wconf 89' lang='lat' dir='ltr'><strong>et</strong></span> <span class='ocrx_word' id='word_1_278' title='bbox 1319 2312 1428 2345; x_wconf 87' lang='lat' dir='ltr'><strong>anuos,</strong></span> 
     </span>
     <span class='ocr_line' id='line_1_78' title="bbox 951 2348 1243 2381; baseline 0 0"><span class='ocrx_word' id='word_1_279' title='bbox 951 2348 1096 2381; x_wconf 86' lang='lat' dir='ltr'><strong>Moribus</strong></span> <span class='ocrx_word' id='word_1_280' title='bbox 1121 2349 1243 2381; x_wconf 85' lang='lat' dir='ltr'><strong>eximiis</strong></span> 
     </span>
     <span class='ocr_line' id='line_1_79' title="bbox 1001 2397 1456 2436; baseline 0.009 -9"><span class='ocrx_word' id='word_1_281' title='bbox 1001 2399 1105 2428; x_wconf 83' lang='lat' dir='ltr'><strong>toturn</strong></span> <span class='ocrx_word' id='word_1_282' title='bbox 1126 2405 1161 2428; x_wconf 85' lang='lat' dir='ltr'><strong>se</strong></span> <span class='ocrx_word' id='word_1_283' title='bbox 1185 2397 1246 2430; x_wconf 85' lang='lat' dir='ltr'><strong>rite</strong></span> <span class='ocrx_word' id='word_1_284' title='bbox 1270 2406 1456 2436; x_wconf 57' lang='lat' dir='ltr'><strong>perornans</strong></span> 
     </span>
     <span class='ocr_line' id='line_1_80' title="bbox 1274 2451 1334 2480; baseline 0 0"><span class='ocrx_word' id='word_1_285' title='bbox 1274 2451 1334 2480; x_wconf 76' lang='lat'><strong>14*</strong></span> 
     </span>
    </p>
   </div>
  </div>
 </body>
</html>
