1650 2587
715 101 972 137 —169—

517 194 541 222 Ο
564 203 651 231 quam
667 194 797 229 jucunda
814 200 973 233 martyrum
992 197 1178 234 germanitas,

518 232 612 265 Quam
631 241 703 261 vera
721 238 903 263 consecravit
922 236 1030 264 Christi
1051 233 1171 262 caritas!

518 270 542 297 0
564 278 652 306 quam
671 272 758 300 beata
779 272 856 300 fovet
874 274 941 301 illos
962 274 1084 309 requieS,

519 307 598 342 Quos
619 309 669 335 hic
688 310 792 337 afflixit
810 319 969 346 poenarum
988 310 1150 347 congeries!

516 346 575 373 Per
593 355 646 374 vos
665 355 824 382 precamur,
845 349 920 376 coeli
938 349 1103 381 luminaria,

517 384 622 411 Olivae
641 384 738 419 binae,
757 385 854 413 laudis
874 386 1024 420 sacrificia,

517 422 664 449 Aeternae
681 424 756 450 lucis
778 431 938 451 mereamur
957 424 1073 460 gaudia.

630 599 678 630 64.
718 601 762 631 De
784 600 890 630 sancto
910 598 1050 630 Mellono.

331 697 377 729 In
402 697 432 730 1.
457 697 670 738 Vesperis.
883 698 914 730 5.
940 697 964 729 Ο
990 696 1138 740 Menone,

984 746 1093 783 pastor
1118 745 1249 788 egregie,

403 762 598 797 Ant1ph0nae.
939 790 1047 823 Plebis
1071 794 1166 833 tutor,

201 819 232 851 1·
260 818 382 861 Gande’
409 819 504 874 ΞΗΟΠ),
552 868 558 874 ,
986 840 1109 870 scutum
1133 839 1285 871 ecclesiae

309 867 469 899 exsultans
492 867 595 907 Jublla
940 885 1006 917 NOS
1031 886 1194 918 adstantes
1286 865 1294 881 ’

258 913 320 945 Tm
346 914 450 967 “qlens
556 962 562 967 ,
984 934 1057 964 tuae
1080 933 1250 965 memoriae

305 964 407 1000 patris
433 961 594 1001 solemma,
938 978 1009 1009 Duc
1031 980 1073 1011 ad
1098 979 1194 1012 vitam

257 1006 362 1085 ve}b⁰
388 1016 475 1046 CUJUS
565 1054 572 1061 ,
987 1025 1130 1057 coelestis
1156 1027 1289 1066 patriae.

320 1058 394 1094 ugat
418 1054 473 1085 lux
499 1054 616 1096 nublla,

257 1101 355 1133 Fides
382 1102 505 1144 ΟΓΘΞΟῘῘ,
581 1149 588 1154 ¹
868 1109 907 1141 R.
936 1109 1087 1151 Mellone,
1112 1111 1240 1150 praesul
1264 1112 1381 1154 inclite,

304 1149 422 1180 cedunt
447 1148 620 1180 dstflfflOssla-
941 1157 1074 1189 Precum
1100 1157 1224 1189 effunde
1248 1168 1379 1191 munera

200 1206 231 1237 2.
260 1204 333 1237 Vita
359 1206 447 1244 cujus
986 1204 1049 1236 Pro
1073 1208 1106 1235 te
1130 1209 1281 1244 precante
1304 1207 1432 1248 populo,

305 1253 339 1283 in
363 1254 485 1284 tantum
512 1251 627 1284 claruit
939 1250 1001 1281 Per
1025 1254 1057 1283 te
1083 1252 1166 1283 vitae
1189 1254 1381 1291 praeteritae

257 1298 436 1331 Virtutibus
938 1297 1027 1329 Mala
1052 1300 1186 1330 vitantes
1210 1308 1365 1339 prospera

303 1355 362 1378 nec
385 1355 448 1377 uon
472 1346 643 1384 miraculis,
985 1344 1159 1385 Sequemur
1181 1346 1215 1377 in
1239 1347 1299 1378 hoc
1323 1348 1458 1389 saeculo,

255 1393 303 1425 Ut
326 1396 357 1424 et
383 1392 483 1424 caecis
868 1391 905 1424 V.
933 1391 978 1423 Ut
1002 1395 1034 1422 te
1059 1393 1175 1425 virtute
1200 1394 1313 1425 comite

300 1441 406 1472 lumen
431 1441 580 1481 restituit,
985 1438 1093 1471 Soluto
1119 1440 1221 1471 carnis
1244 1441 1369 1472 vinculo

255 1487 386 1520 Claudis
412 1495 564 1529 gressum,
936 1485 1034 1517 Recto
1059 1490 1224 1526 sequentes
1249 1488 1376 1519 tramite

301 1534 397 1567 fidem
418 1535 601 1568 incredulis.
986 1532 1073 1564 Coeli
1095 1533 1237 1566 fruamur
1262 1536 1365 1574 epulo.

195 1593 226 1625 3.
253 1591 444 1623 Parentibus

303 1639 397 1671 claris
420 1639 605 1679 progenitus

253 1685 371 1718 Christi
396 1687 524 1725 praesul
1053 1693 1099 1720 Ad
1117 1693 1295 1729 Magnificat.

298 1734 354 1765 sed
379 1732 573 1773 infidelibus,

251 1780 334 1813 Fide
360 1781 477 1833 clarus·
865 1791 902 1821 A.
934 1789 959 1821 o
985 1788 1135 1829 Menona,

299 1827 390 1860 fUlSst
415 1828 565 1860 diffinitus
977 1836 1075 1875 jubar
1098 1837 1289 1878 aethereum,

249 1875 344 1907 VelUt
369 1875 463 1906 Stella
933 1883 991 1915 Pie
1014 1887 1134 1923 pastor,

296 1923 441 1954 relucens
467 1922 621 1962 gentibus·
980 1930 1084 1969 plebis
1109 1931 1314 1974 praesidium,

190 1982 223 2014 4.
249 1979 423 2012 Salvatoris
933 1977 1024 2017 Roga
1047 1979 1166 2019 Jesum,

295 2027 393 2068 igitur
416 2027 519 2066 gratia
982 2024 1036 2064 qui
1061 2028 1124 2057 tam
1148 2025 1295 2057 idoneum

246 2074 433 2115 Baptizatus
931 2072 977 2103 Te
1002 2072 1136 2111 perfecit

295 2126 325 2154 et
352 2123 385 2154 in
409 2121 606 2153 Normannia
978 2119 1012 2150 in
1035 2119 1257 2162 sacerdotium,

247 2170 371 2203 Primas
397 2167 500 2201 factus
932 2166 978 2198 Ut
1001 2175 1058 2198 nos
1083 2175 1142 2206 per
1163 2169 1199 2197 te

293 2217 384 2258 fugat
409 2216 584 2255 daemonia,
978 2217 1158 2246 sanctorum
1181 2221 1314 2246 cuneum

248 2264 374 2297 Cedunt
397 2262 510 2303 morbi,
934 2261 1168 2301 Consequamur

297 2312 412 2344 crescit
438 2311 582 2343 ecclesia.
980 2313 1053 2348 post
1075 2309 1134 2340 hoc
1159 2310 1314 2342 exsilium.
