1650 2587
667 132 710 136 —
760 111 923 147 244-—

357 209 560 244 Responsoria.

167 275 196 307 1.
225 275 248 307 O
275 277 396 315 martyr
421 273 542 313 eximie,

271 322 364 352 decus
389 320 535 360 speciale,

222 368 316 407 Quem
342 370 434 399 ornat
450 367 592 406 justitiae

269 414 533 454 superhumerale,

222 458 288 491 Fac
311 469 368 492 nos
393 458 524 501 [tecum]
550 459 703 490 scandere

266 515 394 546 regnum
417 506 585 544 aeternale,

154 552 189 586 V.
223 553 355 593 Protege
378 552 537 591 subsidiis,

220 599 307 637 Quod
332 599 435 637 reples
460 599 593 630 miseriis

267 646 386 686 Corpus
410 646 470 677 hoc
493 645 634 676 mortale.

164 702 195 734 2.
220 700 354 732 Hortum
380 701 484 732 colens
508 700 557 732 vir
578 700 690 732 beatus

267 748 394 779 insitum
419 747 592 789 arboribus,

220 794 317 833 Quem
340 802 399 824 nec
423 794 522 825 hiems
546 802 646 833 neque
670 793 741 832 gelu

266 840 424 880 spoliabat
448 840 612 880 fructibus,

223 886 291 918 Sibi
316 887 430 918 victum
451 887 633 927 acquirebat

267 934 403 973 propriis
428 934 599 966 laboribus.

155 980 191 1012 V.
221 980 308 1011 Intus
333 979 437 1012 ferens
463 980 578 1013 Christi
605 987 737 1019 crucem,

223 1027 418 1065 Sequebatur
441 1028 527 1066 pium
553 1027 663 1057 ducem

269 1073 468 1113 Paupertatis
493 1073 660 1113 gressibus,

165 1129 196 1161 3.
222 1128 387 1167 Impudica
409 1129 522 1160 mulier

271 1176 344 1206 dum
369 1173 432 1216 [se]
458 1175 589 1214 Syrenei

223 1221 340 1260 Objicit
362 1221 573 1261 adspectibus,

270 1276 304 1298 se
327 1276 389 1299 non
415 1269 516 1299 credit
541 1269 569 1298 ei

224 1314 365 1354 Sanctus,
390 1315 447 1346 sed
473 1315 553 1346 hanc
576 1315 693 1354 repulit

269 1363 334 1392 zelo
361 1361 450 1392 verbi
475 1361 544 1392 Dei.

155 1406 192 1438 V.
221 1406 343 1438 Novum
367 1407 485 1447 Joseph
504 1407 631 1439 exhibet

269 1454 316 1485 illi
343 1454 390 1485 vir
413 1454 554 1494 insignis,

222 1501 318 1539 Quem
341 1500 375 1532 in
398 1500 471 1540 igne
494 1501 629 1540 positum

271 1556 333 1579 non
359 1547 459 1578 exurit
484 1547 575 1587 ignis,

288 1677 333 1708 111
358 1678 389 1709 3.
414 1678 641 1710 Nocturno.

367 1750 563 1785 Antiphonae.

168 1818 198 1849 1.
226 1815 362 1848 Gonfidit
386 1817 420 1847 in
443 1817 588 1856 Domino,

274 1863 322 1894 cui
346 1871 381 1894 se
404 1866 503 1895 totum
529 1864 626 1905 dedit,

224 1909 292 1940 Nec
315 1909 407 1941 minis
432 1919 490 1942 nec
512 1911 619 1950 gladio

269 1957 326 1988 sed
350 1965 408 1987 nec
429 1957 523 1989 morti
549 1958 642 1990 cedit.

168 2014 199 2044 2.
222 2011 364 2053 Domine,
392 2013 445 2052 qui
467 2013 601 2053 habitas,

271 2068 330 2098 quo
355 2068 438 2090 mors
463 2069 524 2091 non
548 2062 699 2102 ascendit,

224 2106 290 2137 Fac
312 2114 368 2138 nos
392 2106 460 2137 illic
483 2107 645 2147 scandere,

270 2161 329 2192 quo
354 2156 473 2193 martyr
498 2155 650 2187 ascendit.

167 2210 198 2241 3.
223 2209 261 2240 In
286 2209 402 2240 virtute
426 2209 551 2241 Domini

271 2258 396 2287 sanctus
419 2257 571 2296 gloriatur

223 2302 328 2342 Atque
355 2303 512 2335 desiderio

271 2358 327 2382 suo
349 2358 413 2381 non
437 2349 612 2384 fraudatur.

1038 204 1243 241 Responsoria.

841 273 871 305 1.
899 272 1005 304 Cultus
1030 270 1103 307 fide,

942 318 1064 358 fulgens
1090 317 1222 358 eloquio,

892 365 945 397 Sic
969 365 1107 404 Trajano

941 411 1108 450 respondit
1131 411 1245 449 impio:

895 459 970 491 Colo
996 458 1165 496 Christum,

939 505 1035 537 alium
1059 505 1174 536 nescio.

825 552 862 584 V.
893 552 1023 584 Praeses
1048 551 1127 582 iram
1154 551 1291 590 concipit

891 598 935 629 Et
959 597 1071 637 punire
1095 597 1252 637 praecipit

945 645 1049 676 Virum
1074 644 1136 676 Dei
1160 644 1275 684 gladio.

839 702 869 734 2.
896 701 1052 733 Inclinato
1078 701 1181 740 capite

943 748 1040 779 ictum
1067 746 1209 779 ferientis

897 794 991 834 Cupit
1016 794 1065 825 vir
1090 803 1159 825 cum
1184 794 1299 833 gaudio

943 845 973 873 et
998 841 1135 873 invictae
1156 842 1280 884 mentis,

894 887 957 920 Sed
982 897 1122 919 murmur
1147 896 1208 919 non
1234 891 1361 920 resonat

940 939 995 967 aut
1018 943 1078 966 vox
1102 935 1277 969 renitentis.

825 980 860 1013 V.
892 980 991 1013 Cursu
1015 980 1217 1013 felicissimae

943 1029 1025 1059 vitae
1051 1031 1262 1059 consummato

894 1074 933 1105 111
959 1075 1029 1106 sinu
1053 1075 1205 1114 recipitur

940 1120 1089 1152 Abrahae
1114 1121 1216 1153 beato.

839 1177 870 1208 3.
896 1176 999 1216 Salve,
1024 1177 1114 1208 miles
1138 1178 1251 1208 summi
1275 1177 1358 1217 regis

942 1226 973 1254 et
997 1223 1144 1254 cohaeres
1169 1223 1297 1262 gloriae,

895 1270 932 1301 In
957 1270 1016 1300 hac
1040 1270 1123 1301 valle
1147 1270 1356 1310 lacrimarum,

942 1316 1051 1348 mortis
1077 1319 1108 1347 et
1131 1316 1276 1348 miseriae

896 1362 961 1394 Nos
986 1366 1074 1394 tuere
1098 1366 1152 1394 tua
1176 1372 1270 1401 prece

941 1413 1096 1441 certantes
1120 1410 1153 1441 in
1178 1410 1255 1443 acie.

826 1455 863 1487 V.
894 1455 969 1487 Jesu
995 1456 1083 1494 bone,

941 1511 998 1542 per
1022 1504 1124 1534 sancti
1147 1504 1261 1536 merita

896 1548 961 1580 Nos
983 1559 1002 1581 a
1025 1550 1109 1581 trina

941 1599 1042 1627 morte
1065 1597 1226 1630 resuscita.

989 1727 1005 1759 Ι
1014 1736 1034 1757 n
1058 1727 1086 1759 L
1095 1736 1114 1758 a
1122 1737 1142 1759 u
1153 1728 1173 1760 d
1181 1728 1194 1759 i
1203 1728 1221 1759 b
1232 1739 1252 1760 u
1259 1738 1284 1760 s.

1036 1800 1228 1835 Antiphonae.

842 1867 871 1898 1.
898 1866 1049 1899 Dominus
1075 1870 1225 1912 regnavit,

943 1915 994 1953 qui
1019 1923 1107 1946 suum
1133 1915 1281 1948 famulum

895 1959 1025 1993 Exaltat
1050 1963 1178 1996 coelitus

942 2016 1025 2039 nunc
1049 2012 1079 2040 et
1104 2010 1135 2041 in
1161 2012 1330 2046 saeculum.

839 2063 869 2095 2.
896 2062 1034 2095 Jubilate
1056 2074 1174 2098 summo
1197 2068 1274 2107 regi,

895 2110 989 2150 Cujus
1011 2111 1095 2154 jugo,
1124 2114 1211 2153 cujus
1236 2115 1298 2155 legi

942 2157 1042 2189 Subdi
1065 2164 1186 2200 martyr
1210 2162 1320 2195 voluit.

837 2213 867 2245 3.
893 2212 989 2254 Deus,
1016 2214 1100 2246 Deus
1125 2225 1221 2257 meuS,

940 2261 985 2292 Te
1009 2262 1109 2293 solum
1133 2263 1233 2295 sitivit

892 2305 1019 2348 Martyr
1044 2307 1212 2349 Syreneus,

942 2353 1000 2393 Qui
1026 2355 1132 2388 dolum
1155 2357 1298 2390 nescivit.
