1650 2587
749 93 984 128 ,57-

226 191 257 222 2.
283 190 346 221 Hic
370 197 504 229 operans
526 187 692 228 justitiam⁷

286 235 473 276 Quaerendo
499 234 583 267 vitae
606 235 743 274 patriam

286 284 322 314 ln
348 282 454 314 fronte
477 291 585 314 verum
610 283 763 321 praetulit

285 329 354 361 Nee
377 329 516 368 linguam
540 329 613 360 dolo
639 329 762 369 polluit,

227 398 258 429 3.
283 395 407 428 Mundo
433 395 529 426 corde
554 397 586 426 et
610 395 754 427 manibus

283 443 447 475 Deodatus
470 441 623 474 innocuus

285 490 446 523 Scandere
468 491 605 521 montem
630 489 757 521 Domini

283 537 444 570 Alacriter
467 537 651 576 promeruit.

424 630 630 665 Responsoria.

230 689 260 722 1.
285 688 336 721 Ex
361 689 502 721 locorum
526 687 643 720 vicinia

286 736 331 768 Et
354 736 483 775 antiqua
507 734 620 767 notitia

285 783 431 816 Deodato
458 782 638 814 carissimus

286 830 471 870 Hidulphus
497 831 566 861 erat
589 829 727 869 inclitus,

215 878 253 909 V.
284 877 344 916 Qui
368 877 502 909 Prumas
526 876 761 908 Trevirensium

286 924 398 964 Nuper
422 923 560 955 intrarat
585 931 733 956 eremum.

228 991 260 1024 2.
286 991 408 1023 Videns
433 989 543 1021 beatus
568 988 707 1029 undique

284 1037 405 1070 Multos
429 1037 472 1069 ad
495 1045 530 1068 se
555 1035 712 1067 confluere

285 1085 383 1124 Apud
407 1084 579 1118 Juncturas
603 1084 727 1124 gemina

288 1131 472 1165 construxit
496 1130 696 1170 monasteria,

214 1178 252 1211 V.
284 1179 335 1211 Ibi
362 1180 477 1219 degens
504 1177 647 1209 amabilis

287 1226 358 1258 Suis
384 1229 479 1264 atque
505 1225 673 1257 extraneis.

227 1294 258 1326 3.
284 1291 484 1324 Venerabilis
509 1289 653 1330 pontifex

283 1339 355 1371 Jam
380 1338 467 1370 senio
493 1337 642 1369 deficiens

283 1386 390 1418 Morte
412 1385 454 1417 ad
478 1384 576 1416 vitam
601 1384 728 1416 transiit

286 1433 435 1472 Corporis
461 1431 543 1463 liber
567 1431 711 1472 vinculis,

283 1481 321 1513 In
346 1489 408 1519 qua
432 1478 567 1510 sentitur
590 1478 699 1510 vivere

283 1527 512 1558 Miraculorum
532 1533 672 1557 munere.

216 1573 253 1607 V.
283 1572 475 1615 Peregrinus
501 1576 533 1605 et
555 1572 683 1604 humilis

283 1619 458 1653 Seminavit
480 1620 513 1651 in
539 1619 688 1661 lacrimis,

284 1668 348 1701 Sed
373 1666 514 1709 gaudens
539 1667 636 1700 vitam
661 1667 801 1701 messuit.

396 1781 458 1814 Ad
481 1780 660 1815 Laudes.

427 1855 622 1892 Antiphonae.

223 1915 253 1948 1.
282 1916 307 1948 O
333 1925 424 1955 quam
451 1917 526 1946 sunt
549 1914 715 1946 credibilia

281 1963 360 2001 Tua,
386 1964 483 2005 Deus,
511 1962 645 2005 eloquia,

282 2010 408 2041 Parasti
431 2011 484 2040 tuo
510 2007 627 2041 famulo

285 2058 405 2097 Aptam
430 2056 537 2087 sedem
563 2057 596 2087 in
622 2065 736 2091 eremo.

285 2143 370 2170 Brev.
398 2149 450 2169 ms.
478 2139 506 2168 S.
536 2140 661 2168 Deodati
687 2149 762 2169 saec.
790 2139 832 2169 16.
861 2142 933 2170 Clm.
953 2143 1105 2170 Monacen.
1131 2138 1235 2168 10909.

905 192 935 222 2.
961 190 1118 222 intremus
1142 190 1249 229 portas
1274 188 1401 220 Domini

965 236 1169 271 confessione
1194 236 1332 275 supplici

964 285 1008 316 Et
1031 283 1156 325 hymnis
1181 283 1247 322 ejus
1272 282 1354 314 atria

964 333 1028 364 Per
1051 330 1189 363 Deodati
1213 330 1335 363 merita.

930 432 938 441 .
964 406 1067 439 Deum
1089 405 1199 438 sitiens
1224 405 1328 437 anima

966 454 1067 493 Hujus
1091 452 1193 485 sancti
1218 452 1400 492 dignissima

966 501 1028 532 Per
1053 501 1178 533 deserta
1202 502 1233 531 et
1257 499 1342 531 invia

966 548 1142 587 Quaerebat
1166 546 1250 579 vitae
1274 546 1399 587 gaudia.

933 648 941 656 .
967 622 1153 655 Benedicite
1177 622 1344 653 Dominum

966 671 1079 703 Omnes
1104 668 1162 701 filii
1185 669 1354 709 hominum,

965 718 1058 750 Hunc
1083 718 1223 749 sanctum
1251 716 1347 747 corde
1367 715 1515 747 humilem

966 764 1024 803 Qui
1050 763 1214 796 benedixit
1235 763 1423 803 praesulem.

932 862 940 870 .
965 839 1093 872 Domini
1118 847 1230 870 nomen
1255 838 1365 870 solius·

967 887 1071 919 Senex
1096 894 1164 916 cum
1185 885 1363 925 junioribus

968 934 1124 975 Laudent,
1152 936 1239 972 cujus
1265 935 1313 963 est
1334 932 1436 972 gratia

966 980 1128 1012 Deodatus
1150 979 1183 1010 in
1207 979 1317 1019 gloria.

1081 1099 1126 1128 Ad
1146 1100 1329 1127 Benedictus.

928 1203 935 1211 .
966 1177 1073 1210 Fortis
1096 1178 1190 1216 atque
1215 1176 1448 1215 maci-othymus

966 1224 1128 1257 Deodatus
1156 1224 1318 1263 calogerus

964 1272 1042 1304 Post
1064 1270 1190 1311 prolixa
1214 1273 1246 1301 et
1268 1270 1405 1309 plurima

964 1319 1067 1358 Hujus
1092 1318 1176 1349 vitae
1202 1317 1373 1348 certamina

964 1366 1092 1398 Domini
1117 1365 1166 1395 sui
1190 1364 1304 1404 gaudio

965 1414 1109 1445 Donatus
1135 1414 1183 1444 est
1206 1413 1370 1450 perpetuo.

1035 1564 1082 1596 In
1107 1564 1140 1595 2,
1167 1562 1384 1602 Vesperis.

1090 1652 1135 1680 Ad
1153 1651 1331 1687 Magnificat.

928 1751 934 1756 .
966 1727 990 1759 O
1020 1724 1148 1766 praesul
1173 1724 1357 1766 hagiastice,

965 1774 1120 1812 Deodate,
1148 1781 1203 1804 nos
1228 1771 1337 1804 refove

965 1821 1092 1853 Meritis
1118 1823 1150 1851 et
1172 1820 1355 1860 precamine

966 1869 1064 1908 Apud
1089 1867 1257 1900 Dominum
1282 1867 1411 1907 gloriae,

970 1916 1014 1949 Ut
1040 1914 1221 1955 expurgatis
1246 1914 1389 1946 omuibus

967 1963 1086 1995 Mentis
1112 1964 1143 1993 et
1167 1962 1270 1993 carnis
1295 1961 1441 1993 sordibus

966 2010 1013 2042 Te
1036 2009 1165 2050 praevio
1191 2011 1344 2048 perpetua

967 2057 1192 2097 Adipiscamur
1216 2056 1340 2096 gaudia.

1324 2141 1357 2168 In
1387 2139 1410 2168 1.
1431 2142 1519 2178 Vesp.

211 2180 290 2208 steht
317 2180 369 2208 der
395 2179 655 2214 Hymnenanfang:
683 2179 789 2216 Dignis
817 2188 928 2207 summo
956 2181 988 2207 in
1013 2179 1166 2213 laudibu53
1195 2179 1245 2206 der
1270 2179 1404 2214 Hymnus
1430 2179 1522 2208 selbst

211 2218 290 2246 fehlt.

213 2256 397 2293 kalogepoch
416 2254 471 2283 Hs.

330 2234 355 2238 -=
383 2215 409 2246 3.
430 2217 514 2244 Noct.
541 2214 561 2242 R
583 2214 609 2250 2,
638 2215 655 2244 6
682 2217 749 2245 Suis
770 2220 799 2245 et
818 2219 964 2246 extraneis
983 2218 1037 2246 Hs.
1068 2231 1105 2238 -·
1131 2216 1175 2244 Ad
1195 2216 1287 2244 Laud.
1309 2217 1345 2244 ad
1366 2218 1436 2245 Ben.
1458 2216 1480 2244 Α
1503 2217 1521 2245 2
