1651 2588
722 126 979 164 -135-1-

213 221 244 253 5.
273 220 391 253 Christi
415 221 504 261 virgo
528 220 714 263 Margarita,

269 270 300 299 A
324 269 457 308 paganis
482 269 596 311 genita,

270 316 301 346 A
325 318 418 354 patre
443 324 500 347 suo
526 317 636 356 gentili

270 361 398 394 Nutrici
424 365 473 394 est
496 363 627 397 tradita.

231 443 238 451 .
272 418 344 450 Jam
368 427 465 458 prece
488 417 580 450 finita

317 466 424 505 gladio
445 474 537 497 sacra
559 467 648 507 virgo
671 470 785 507 parata

271 512 374 544 Jussit
399 521 434 544 se
457 513 572 553 perimi

318 568 451 598 sperans
468 560 530 591 sibi
541 562 683 599 praemia
698 559 822 604 [grata],

232 630 239 637 .
269 605 345 637 Cum
371 607 414 638 sit
438 615 549 638 secura

318 654 359 685 de
383 654 463 686 coeli
487 654 559 685 luce
584 652 700 687 futura.

385 737 432 764 Ad
450 737 629 773 Magnifiea‘r„

233 820 240 827 .
266 794 350 826 Dum
376 796 461 835 cepit
486 805 596 827 manus
620 797 756 828 militum

269 842 400 874 Puellae
426 852 541 882 corpus
565 843 720 884 inclitum,

270 890 381 921 Oravit
406 899 475 921 cum
500 890 656 930 suspiriis,

269 936 319 967 Ne
342 937 498 976 perdatur
524 945 594 968 cum
617 938 735 977 impiis.

330 1039 393 1070 Ad
422 1039 687 1071 Matutinum.

401 1103 618 1131 Invitatorium.

267 1161 447 1193 Adoremus
474 1160 635 1193 Christum
657 1170 774 1203 regem,

315 1208 376 1247 Qui
400 1208 557 1248 gubernat
580 1210 694 1249 omnia,

268 1256 331 1287 Pro
357 1264 417 1295 quo
442 1256 531 1295 virgo
555 1256 733 1296 Margarita

314 1311 410 1342 passa
434 1305 483 1334 est
506 1303 673 1342 supplicia.

326 1406 373 1438 In
400 1407 431 1439 2.
457 1405 515 1437 No
526 1408 686 1440 cturn0.

411 1469 605 1505 Antiphonae.

234 1553 241 1560 .
267 1528 366 1567 Virgo
391 1530 502 1559 sancta
524 1527 713 1568 Margarita,

267 1575 362 1614 Signo
388 1575 491 1606 crucis
514 1576 715 1614 praemunita

265 1622 338 1653 Non
363 1621 515 1653 abhorret
540 1621 682 1654 confiteri

266 1668 308 1701 Se
329 1669 477 1700 ancillam
501 1668 564 1701 Dei
585 1670 662 1703 veri.

208 1737 238 1760 ·.
266 1726 363 1766 Virgo
387 1726 504 1757 decora
527 1725 620 1757 nimis

314 1776 363 1804 est
386 1773 571 1813 virginitate
596 1772 698 1814 beata,

263 1822 394 1860 Integra
415 1821 544 1860 virtute,

311 1866 389 1900 fidei
412 1868 465 1899 lex
488 1868 699 1902 immaculata.

234 1951 241 1957 .
268 1925 371 1957 Jussit
394 1933 524 1963 praeses
549 1925 703 1965 virginem

316 1971 504 2003 Carceribus
528 1972 624 2011 tradi,

264 2018 410 2051 Minatur
434 2027 503 2051 eam
527 2018 664 2051 subdere

313 2066 554 2097 Tormentorum
584 2066 677 2099 cladi.

402 2140 608 2176 Responsoria.

210 2201 242 2234 1.
267 2200 409 2232 Exercet
433 2199 519 2230 bella

315 2256 385 2279 cum
397 2245 547 2286 praeside
559 2246 693 2285 pulchra
700 2247 817 2290 puella,

266 2295 336 2327 Nec
361 2293 540 2326 consentire

314 2342 384 2375 vult
407 2349 467 2373 nec
491 2350 548 2373 sua
571 2341 660 2380 jussa
683 2342 801 2385 subire,

194 2392 233 2426 V.
271 2391 417 2431 Nequam
441 2387 623 2429 praefectus

314 2438 440 2470 mollire
465 2437 573 2468 studet
596 2437 659 2471 sibi
681 2440 803 2478 pectus.

893 225 923 256 2.

950 224 1033 255 Dum
1056 227 1258 264 peccatorum

999 272 1142 304 manibus
1172 272 1226 311 pia
1249 272 1339 311 virgo
1364 274 1499 311 tenetur,

950 318 1028 350 Orat
1053 322 1085 350 et
1106 319 1266 359 implorat,

996 368 1032 396 ut
1061 367 1089 397 ei
1113 366 1200 398 Deus
1225 366 1403 404 auxilietur,

879 411 918 446 V.
944 412 1028 443 Dum
1052 414 1181 444 nimium
1205 413 1328 455 metuit,

894 511 925 543 3.

876 2194 914 2227 V.

889 2296 921 2328 3.

997 462 1033 490 ut
1057 468 1171 499 corpus
1198 460 1226 491 ei
1251 460 1436 492 maculetur.

951 507 1053 550 Virgo
1078 512 1261 552 respondet,

999 558 1073 590 dum
1084 567 1212 598 praeses
1226 559 1255 590 ei
1261 558 1345 590 bona
1353 558 1500 598 spondet,

950 605 1053 644 Impie
1079 604 1250 645 praefecte,

996 660 1058 683 non
1080 653 1226 692 appretio
1250 655 1304 683 tua
1327 660 1387 683 nec
1410 654 1451 695 te,

952 698 1077 730 Christo
1101 700 1248 731 dedicata
1271 708 1350 738 sum,

998 754 1088 785 quem
1105 755 1164 786 pro
1180 746 1272 778 nobis
1284 746 1348 777 scio
1361 754 1499 785 passum.

1008 810 1054 842 In
1079 812 1110 844 1.
1136 812 1362 843 Nocturno.

1093 862 1287 898 Antiphonae.

917 930 924 937 .
949 904 1127 945 Margarita
1154 906 1282 937 detenta
1308 914 1437 937 carcere

949 951 1017 983 Deo
1035 961 1146 991 preces
1163 962 1225 984 non
1239 955 1343 984 cessat
1354 951 1499 994 fundere,

948 998 1066 1030 Nutrix
1089 1002 1176 1031 mota
1198 1000 1420 1031 misericordia

949 1045 1147 1078 Ministravit
1171 1047 1200 1077 ei
1226 1046 1355 1078 cibaria.

950 1095 997 1127 Et
1021 1104 1094 1128 ecce
1119 1098 1160 1129 de
1180 1098 1295 1137 angulo

998 1144 1132 1175 carceris
1157 1153 1255 1183 opaco

947 1189 1059 1221 Exivit
1082 1191 1243 1223 horribilis

995 1237 1122 1277 quidam
1143 1247 1274 1278 magnus
1300 1238 1405 1281 draco,

949 1283 1008 1322 Qui
1034 1286 1161 1317 emersit
1184 1285 1288 1317 subito

996 1331 1037 1362 de
1060 1333 1174 1363 tellure
1197 1331 1310 1364 fracto.

948 1382 1027 1414 Orat
1052 1382 1210 1415 Christum
1233 1383 1411 1423 Margarita

994 1430 1160 1462 Immensis
1187 1430 1363 1471 gemitibus,

948 1476 998 1508 Ne
1023 1485 1111 1509 suam
1135 1478 1349 1517 virginitatem

996 1525 1120 1556 Tradat
1144 1525 1393 1565 corruptoribus,

949 1570 1014 1602 Sed
1041 1572 1164 1612 eripere
1190 1572 1337 1612 dignetur

993 1618 1155 1657 Angelicis
1180 1619 1335 1651 manibus.

1084 1674 1291 1710 Responsoria.

914 1743 921 1749 .
950 1716 1037 1748 Ecce
1064 1718 1160 1750 draco
1184 1719 1268 1750 latus

995 1765 1077 1796 latos
1102 1766 1258 1797 reseravit
1281 1765 1386 1797 hiatus

946 1811 992 1843 Et
1013 1810 1166 1844 famulam
1188 1812 1306 1845 Christi

997 1859 1162 1892 devoravit
1186 1869 1314 1892 carcere
1337 1861 1435 1894 tristi.

949 1906 994 1938 Et
1019 1907 1194 1950 deglutivit,

993 1962 1087 1993 quam
1119 1957 1230 1987 ventre
1257 1955 1364 1994 perire
1387 1955 1499 1988 sitivit.

915 2029 922 2035 .
948 2006 1082 2045 Jamque
1105 2006 1167 2038 Dei
1193 2007 1283 2038 donis

996 2061 1073 2085 crux
1099 2054 1200 2086 crevit
1217 2054 1250 2085 in
1268 2062 1323 2085 ore
1340 2054 1498 2095 draconis,

948 2100 1016 2138 Qua
1037 2108 1072 2132 se
1096 2110 1155 2140 pro
1176 2101 1249 2132 telis

994 2148 1128 2180 munivit
1152 2148 1242 2188 virgo
1266 2147 1382 2189 fidelis,

948 2194 1095 2227 Protinus
1120 2195 1269 2227 ancillam

973 2250 1050 2273 crux
1075 2243 1195 2276 Christi
1215 2243 1333 2275 liberat
1352 2244 1451 2277 illam.

946 2294 1069 2334 Sponsa
1092 2295 1153 2327 Dei
1176 2298 1272 2335 pavet

995 2342 1118 2374 hostem
1141 2343 1253 2376 videns
1277 2344 1431 2385 odiosum,

948 2390 1030 2422 Inde
1055 2391 1198 2423 columba
1222 2392 1319 2432 venit,

998 2439 1100 2470 crucis
1124 2439 1247 2479 signum
1271 2440 1449 2480 speciosum
