1650 2587
723 122 956 158 -27-.

203 218 235 251 2.
261 216 325 249 Sed
351 216 473 249 futurus
498 218 600 257 qualis
627 216 709 250 foret

305 267 378 296 actu
403 267 436 295 et
460 264 593 304 eloquio,

261 311 537 343 Praemonstratur
562 313 628 350 ejus
652 313 748 351 plane

308 361 397 390 ortus
420 359 455 389 iu
478 359 624 391 articulo.

204 425 234 456 3.
261 423 420 463 Splendor
445 425 511 463 ejus
535 424 646 463 ingens
672 433 764 456 omne

311 470 509 503 collustravit
533 472 704 503 thalamum

258 517 369 558 Nocte,
395 526 459 557 qua
481 518 575 550 enixa
598 517 661 550 fuit

307 565 448 605 gaudens
471 568 573 597 mater
596 574 738 605 puerum.

397 658 602 693 Responsoria.

206 716 236 749 1.
265 715 402 747 Gloriosi
427 715 615 749 confessoris

310 763 398 795 Aviti
423 764 594 803 praeconia

263 810 353 842 Haec
376 810 418 843 ad
442 811 554 842 summi
579 811 704 842 laudem
729 812 812 851 regis

313 858 439 889 attollat
463 858 599 889 ecclesia

196 906 233 937 V.
266 905 478 944 Virtutesque,
503 913 581 944 quas
605 914 663 944 per
687 904 778 937 illum

311 953 418 993 gessit,
446 955 476 983 et
500 952 662 983 miracula.

206 1019 238 1050 2.
265 1018 328 1050 Sed
354 1019 427 1058 quia
450 1017 636 1050 nobilitatur

312 1065 483 1105 plurimum
507 1064 668 1103 nativitas,

264 1112 371 1144 Sancti
397 1112 456 1145 viri
484 1112 645 1151 digeratur

314 1163 346 1191 et
369 1168 466 1199 genus
492 1162 523 1189 et
547 1159 661 1199 patria,

194 1206 232 1239 V.
261 1206 327 1244 Quo
350 1206 501 1238 narrandi
526 1205 602 1238 inde
627 1204 706 1236 fides

311 1253 413 1285 facilis
438 1254 614 1293 proveniat.

207 1322 237 1353 3.
265 1319 398 1351 Sanctus
423 1319 520 1359 igitur
544 1319 658 1352 Avitus

311 1367 432 1406 optima
455 1366 606 1406 prosapia

265 1413 424 1445 Oriundus
448 1414 480 1445 in
507 1414 620 1445 tellure

313 1460 415 1492 fertur
439 1460 641 1502 Aquitanica,

192 1508 229 1540 V.
260 1508 460 1547 Pugnaturus
486 1510 597 1539 contra
619 1507 718 1539 hostis

313 1554 433 1594 antiqui
460 1554 624 1588 versutias,

320 1680 365 1711 In
389 1680 422 1712 2.
447 1678 674 1710 Nocturno.

403 1751 596 1788 Anflphonae.

204 1821 234 1855 1.
261 1820 319 1859 Qui
344 1823 472 1853 renatus
498 1821 607 1851 sancto
632 1819 720 1851 fonte

306 1869 477 1900 tenerrime
502 1868 617 1899 colitur

255 1916 440 1957 Stunliisque
462 1916 628 1947 literarum

305 1971 416 1995 sacrae
439 1963 520 2003 legis
545 1963 696 1995 traditur.

200 2032 231 2063 2.
257 2030 320 2063 Hic
345 2030 472 2062 adultus
498 2030 676 2061 resistendo

305 2078 414 2110 mundi
438 2077 636 2117 petulantiae

262 2125 338 2158 Sese
363 2128 462 2157 totum
488 2124 691 2163 mancipabat

307 2173 433 2205 caelebs
460 2171 675 2204 castimoniae.

203 2241 234 2273 3.
260 2239 395 2280 Jamque
419 2239 519 2271 sacris
546 2239 715 2270 exornatus

305 2287 446 2327 undique
470 2285 637 2318 virtutibus

258 2335 402 2368 Militare
426 2332 593 2374 satagebat

304 2382 433 2415 Christo
457 2381 629 2413 solitarius

1074 219 1279 254 Responsoria.

880 276 910 307 1.
935 274 1093 314 Splendor
1112 275 1221 315 ingens
1240 275 1480 315 circumquaque

987 321 1185 354 collustravit
1209 322 1380 354 thalamum

939 368 1051 411 Nocte,
1077 372 1180 401 mater
1204 378 1265 408 qna
1288 369 1381 401 enixa

985 414 1046 447 fuit
1068 416 1129 449 Dei
1153 415 1316 456 famulum,

899 489 905 496 .
938 463 1020 495 Prae
1044 461 1168 503 fulgore
1191 465 1435 503 prosternuntur

984 511 1093 549 plures
1118 510 1398 544 circumstantium,

905 602 911 608 .
937 575 1000 608 Hic
1025 574 1148 608 futurus
1174 577 1274 615 qualis
1300 575 1383 608 foret

986 625 1058 654 actu
1084 625 1116 655 et
1140 624 1273 662 eloquio,

938 669 1210 702 Praemonstravit
1233 670 1300 710 ejus
1325 670 1421 710 plane

986 720 1073 749 crtus
1097 716 1130 749 in
1155 716 1299 757 articulo,

900 790 906 796 .
939 764 1005 802 Quo
1030 767 1211 796 sanctorum
1238 763 1428 804 dignabatur

985 810 1109 843 futurus
1135 811 1277 852 collegio.

883 898 914 910 ..
940 876 1023 909 Dum
1050 877 1175 916 quidam
1202 879 1344 909 sanctum

986 933 1044 964 per
1068 927 1190 956 noctem
1215 927 1319 955 mutus
1346 925 1474 956 Avitum

940 970 1078 1002 Nutibus
1105 974 1137 1001 et
1161 971 1272 1003 crebro

985 1018 1103 1058 mugito
1128 1018 1314 1058 deposceret
1334 1018 1448 1057 ignem,

940 1063 1018 1097 Cum
1042 1064 1138 1096 rutilo
1162 1063 1291 1104 planam

987 1112 1096 1143 retulit
1117 1110 1197 1143 facis
1221 1112 1294 1152 igne
1318 1113 1485 1151 loquelam.

900 1184 908 1191 .
939 1158 1127 1199 collaetare,
1153 1160 1222 1191 viro

985 1208 1137 1244 provecta
1161 1205 1310 1238 Neustria
1334 1209 1433 1247 tanto,

941 1253 1036 1291 Cujus
1062 1253 1101 1284 ab
1128 1253 1250 1293 eloquio

982 1300 1138 1339 geminato
1162 1308 1292 1331 munere
1316 1303 1426 1339 pastor

941 1346 1017 1378 Cum
1042 1346 1137 1378 rutilo
1162 1347 1287 1387 planam

987 1394 1097 1424 retulit
1121 1392 1199 1425 facis
1223 1395 1296 1434 igne
1319 1395 1487 1433 loquelam.

1024 1497 1067 1529 In
1095 1499 1126 1530 3.
1153 1497 1326 1529 Nocturna

1080 1571 1276 1606 Antiphonae.

905 1667 911 1672 .
936 1639 1059 1671 Tonsus
1084 1647 1158 1678 ergo
1183 1648 1302 1671 comam
1327 1648 1413 1670 ῙΠΟῙἘ

989 1686 1128 1718 clericali
1152 1685 1295 1718 habitum

939 1733 1064 1767 Saeculi
1089 1733 1209 1765 calcato
1234 1734 1310 1765 luxu

985 1782 1126 1821 suscepit
1149 1783 1366 1813 monasticum.

904 1872 910 1878 .
938 1847 1098 1888 Spiritalis
1124 1847 1254 1879 obedire

980 1895 1082 1935 patris
1104 1896 1201 1935 J'ussis
1226 1891 1379 1938 [sedulus]

941 1942 1111 1976 Nitebatur
1136 1944 1168 1973 et
1193 1942 1320 1974 divinae

985 1990 1065 2030 legis
1088 1989 1291 2029 jussionibus.

881 2079 888 2089 ‹
906 2082 913 2089 .
939 2056 1116 2096 Singularis
1143 2056 1305 2088 debellare

985 2103 1106 2135 hostem
1132 2103 1393 2135 nefandissimum

938 2151 1076 2191 Cupiens
1101 2150 1143 2182 ad
1168 2151 1367 2191 concupitum

987 2198 1165 2231 convolavit
1191 2206 1339 2232 eremum.

1074 2272 1281 2308 Responsoria.

880 2333 911 2366 1.
932 2332 1116 2364 Decedente
1139 2331 1314 2364 Maximino

987 2382 1081 2420 patre
1104 2378 1145 2411 ab
1169 2380 1231 2412 hoc
1254 2381 1381 2412 saeculo
