1650 2587
264 203 409 235 Pretioso

313 250 416 289 gaude
441 249 482 280 de
505 250 618 290 spolio,

267 296 456 329 Naturensis

313 344 419 376 amisit,
439 344 537 384 regio,

264 390 355 431 Quod
380 391 536 425 Johannis

312 438 411 471 habes
435 438 574 479 ingenio.

232 520 239 528 .
266 495 471 528 Excubantes

313 543 347 575 in
371 543 467 575 laude
491 543 595 575 seduli

267 591 381 623 Coram
406 589 499 631 gleba

315 638 399 670 sacri
425 637 614 677 corpusculi,

264 685 384 717 Dicant
407 693 514 717 omnes

314 735 346 764 et
371 733 480 764 dicant
503 730 635 771 singuli:

267 780 347 819 Ave,
372 780 458 812 salus

314 826 481 858 Trecensis
506 826 626 865 populi.

232 909 239 916 .
263 882 360 915 Felix
381 882 492 915 florem

314 930 466 969 produxit
491 929 635 971 Graecia,

267 976 365 1015 Quem
388 985 471 1009 nunc
495 974 573 1008 felix

312 1023 409 1056 habet
427 1022 608 1063 Campania,

269 1070 363 1102 Felix
386 1071 484 1107 locus,

314 1116 394 1149 felix
419 1117 562 1159 ecclesia,

265 1164 372 1196 Floris
396 1164 489 1203 huJ'us

316 1220 452 1244 vernans
477 1211 668 1250 praesentia,

227 1285 235 1292 .
260 1258 360 1290 Immo
385 1257 463 1290 felix

315 1313 520 1345 quaecunque
543 1305 649 1344 patria

267 1353 306 1385 In
330 1353 473 1384 Helenae

312 1403 414 1432 certat
439 1399 598 1439 obsequio.

386 1463 433 1492 Ad
451 1463 628 1500 Mag-nificat.

231 1536 238 1544 .
265 1513 345 1552 Ave,
372 1513 470 1554 virgo,

317 1560 405 1599 cujus
428 1560 611 1598 praesentia

266 1607 456 1639 Trecassina

313 1653 407 1686 floret
431 1653 574 1693 ecclesia,

266 1703 345 1740 Ave,
371 1702 459 1741 cujus

311 1749 366 1789 pia
390 1747 540 1788 suffragia

265 1796 342 1829 Post
367 1796 533 1829 Graeciam

311 1853 395 1877 nunc
419 1843 516 1876 sentit
540 1843 656 1883 Gallia,

262 1891 353 1932 Roga
376 1899 482 1933 regem

312 1942 474 1980 regentem
500 1939 614 1978 omnia,

263 1986 310 2019 Ut
332 1988 489 2027 temperet

309 2034 390 2066 iram
415 2033 591 2065 clementia.

317 2119 360 2151 In
391 2117 692 2158 Completorio.

356 2185 402 2213 Ad
421 2183 507 2212 Nunc
527 2183 659 2210 dimittis.

227 2260 240 2279 ,Ι
261 2235 358 2275 Ecce,
386 2232 536 2273 comples,

311 2283 464 2314 immense
487 2279 633 2319 Domine,

265 2331 303 2363 In
328 2329 453 2362 Helena

314 2378 483 2418 praeclara
508 2375 640 2415 virgine,

724 107 956 142 -93-

945 205 1036 245 Quod
1060 203 1241 244 scripturae

993 251 1181 292 praedicant
1205 251 1368 292 pristinae,

948 299 1034 331 Dans
1059 299 1193 332 salutem

993 348 1027 378 in
1052 355 1145 378 manu
1169 344 1316 378 feminae.

1003 441 1031 473 A
1044 442 1064 473 d
1089 440 1357 473 Matutinum.

1081 506 1296 533 Invitatorium.

947 563 986 595 In
1011 563 1144 603 Helena,

995 620 1075 650 quae
1096 608 1154 642 flos
1180 612 1228 642 est
1252 611 1419 651 virginum,

948 657 1131 690 Creatorem

993 705 1159 737 laudamus
1184 704 1364 737 Dominum.

1008 799 1070 831 Ad
1094 798 1363 832 Nocturnum.

1093 862 1286 898 Antiphonae.

914 945 921 952 .
946 921 999 953 Ad
1023 921 1174 953 honorem

994 968 1145 1008 Helenae,
1171 967 1257 999 filiae

945 1015 1095 1056 Agryelis

994 1064 1087 1102 atque
1113 1060 1286 1103 Gratuliae,

945 1108 1093 1148 Invigilet

994 1156 1106 1187 chorus
1130 1155 1335 1194 psalmodiae.

912 1236 919 1244 .
945 1212 996 1244 Ex
1020 1212 1132 1244 radice

991 1258 1148 1299 processit
1172 1259 1260 1299 regia

948 1306 1043 1347 Virga
1066 1314 1160 1346 poma

991 1352 1096 1385 ferens
1121 1353 1317 1392 praedulcia,

944 1400 1039 1440 Virgo
1064 1401 1171 1433 virens

988 1447 1022 1479 in
1047 1447 1128 1479 coeli
1153 1447 1251 1478 curia.

910 1530 916 1537 .
945 1503 970 1535 O
997 1504 1097 1535 dulcis
1120 1502 1253 1543 Helena,

993 1551 1081 1582 clara
1103 1550 1263 1582 natalibus

945 1597 990 1629 Et
1013 1595 1175 1630 beneficiis

993 1647 1025 1676 et
1049 1643 1258 1684 mirabilibus,

947 1691 1103 1724 Succurre
1127 1689 1254 1723 famulis

993 1739 1035 1771 ad
1059 1741 1092 1771 te
1117 1739 1337 1772 clamantibus,

1084 1803 1212 1840 Respcns
1221 1805 1292 1832 oria.

912 1879 919 1886 .
945 1852 980 1885 In
985 1853 1102 1885 clinata

992 1901 1099 1940 palma
1122 1901 1300 1932 ramusculo

944 1948 1041 1980 Dulci
1063 1947 1169 1988 pascit

992 1995 1147 2027 Helenam
1174 1994 1278 2035 epulo,

946 2042 1166 2082 Desponsatur

993 2090 1122 2122 vidente
1144 2089 1264 2128 populo

945 2137 1114 2169 Destinato

994 2184 1125 2216 coelitus
1151 2183 1284 2223 annulo3

909 2257 917 2265 .
945 2232 1009 2264 Per
1035 2229 1212 2263 columbam

994 2278 1198 2311 transmissus
1223 2279 1356 2311 annulus

949 2326 1059 2359 Carnis
1084 2325 1164 2357 facit

994 2376 1030 2405 ut
1050 2376 1151 2406 cesset
1172 2373 1327 2408 stimulus,
