1650 2587
707 129 965 164 —177—

258 219 390 254 Habens
413 223 446 254 in
471 223 540 256 Deo
565 233 621 256 eor
645 229 748 256 ratum

259 267 428 302 Gaudebat
451 279 486 302 se
510 270 726 303 confirmatum

306 317 346 348 In
370 317 472 359 gloria
496 326 644 358 superna.

224 400 230 406 .
257 372 448 414 Assumptus
470 375 537 414 Jam
563 384 658 415 super
683 376 785 408 caelos

258 419 452 453 Laudabiles
478 423 562 454 canit
585 423 684 455 melos

304 468 343 500 In
370 469 527 501 coelorum
552 462 696 512 civibus,'

258 514 341 546 Nam
366 518 477 547 exutus
502 516 541 548 ab
568 525 661 548 onere

258 560 388 593 Sursum
413 560 516 595 fertur
539 565 572 595 in
596 564 725 595 aethere

306 609 443 641 Ornatus
468 610 647 643 virtutibus.

223 689 231 697 .
258 665 389 697 Oremus
414 675 522 699 omnes
545 667 689 699 Mitrium

257 711 326 743 Nec
351 717 475 745 cessent
499 723 555 746 ora
580 714 738 746 hominum

305 760 442 792 Precare
467 761 671 801 conditorem,

259 806 351 847 Nam,
379 807 454 840 dum
476 808 587 840 Mitrio
612 809 707 840 militi

260 854 373 886 Sumus
398 854 545 887 laudibus
571 855 680 895 dediti,

303 901 372 934 Deo
398 901 507 933 damus
532 903 692 937 honorem.

378 994 425 1021 Ad
443 993 622 1030 magnificat.

216 1086 223 1093 .
256 1061 280 1093 O
306 1060 385 1093 felix
406 1061 482 1092 urbs
505 1061 710 1102 Aquensium‚

253 1108 434 1147 Praeclara,
461 1108 675 1148 adjacentium

252 1156 303 1187 Tu
329 1156 424 1195 digna
445 1155 543 1187 laude
565 1156 714 1196 gentium,

300 1202 436 1234 Mercris
460 1202 626 1244 nominari,

253 1249 335 1281 Nam
361 1249 441 1281 coeli
465 1253 556 1289 grata
580 1250 708 1290 colonis,

250 1296 430 1336 Martyrum
454 1300 547 1329 aucta
572 1297 694 1329 coronis

252 1343 422 1384 Variisque
446 1342 530 1375 freta
555 1344 645 1375 donis

300 1390 425 1423 Diceris
447 1390 621 1430 illustrari3

252 1438 289 1469 1n
323 1441 356 1469 te
388 1436 489 1477 fulget
513 1437 642 1470 Mitrius
667 1437 805 1478 inclitus,

251 1485 290 1516 In
315 1488 348 1516 te
369 1486 456 1525 jacet
474 1485 602 1524 placide
627 1486 782 1525 conditus,

253 1532 338 1564 Tuus
365 1541 437 1571 ergo
464 1533 601 1564 exsultet
624 1533 754 1572 spiritus

298 1580 336 1611 In
360 1579 429 1611 Deo
453 1579 595 1612 salutari.

310 1713 373 1745 Ad
396 1711 665 1747 Matutinum.

384 1786 602 1815 Invitatorium.

247 1847 422 1877 Aeternum
444 1846 624 1885 trinumque
647 1845 749 1877 Deum

295 1894 460 1925 laudemus
484 1896 516 1924 et
538 1902 644 1934 unum,

246 1940 306 1979 Qui
330 1942 472 1972 sanctum
497 1940 643 1972 Mitrium

295 1987 474 2020 transvexit
484 1987 518 2019 in
531 1987 661 2020 aethera
669 1997 801 2020 sursum.

310 2110 355 2143 In
382 2112 413 2144 1.
441 2109 672 2142 Nocturno.

390 2185 585 2221 Antiphonae.

212 2272 218 2278 .
247 2245 311 2277 Hic
335 2245 386 2278 vir
409 2244 522 2278 beatus
546 2243 666 2284 gloriae

295 2292 375 2326 Cum
403 2291 524 2324 sanctis
549 2290 687 2323 fructum
709 2291 801 2335 petit,

247 2341 306 2380 Qui
332 2341 365 2372 in
388 2339 441 2373 via
464 2339 624 2380 nequitiae

291 2390 499 2422 Peccatorum
522 2396 586 2420 non
611 2387 710 2420 stetit.

230 2449 356 2476 Dreves,
372 2446 496 2472 Historiae
508 2446 664 2476 rhythmicae.
685 2446 729 2469 ΠΙ.

885 225 916 256 2.
942 224 1194 264 Apprehendens
1221 222 1420 262 disciplinam

862 1433 904 1467 V.

874 2245 904 2277 l.

990 271 1126 304 Servivit
1149 271 1183 302 in
1205 270 1318 301 timore

944 318 1077 359 Regenti
1099 317 1276 350 machinam
1299 317 1425 355 trinam,

987 365 1159 398 Exsultans
1186 373 1255 396 cum
1280 366 1427 396 tremore.

940 431 992 462 Ad
1018 429 1148 462 nihilum
1175 432 1224 461 est
1247 429 1394 460 redactus

986 477 1147 516 Malignus
1172 481 1204 508 et
1228 476 1390 516 deceptor,

940 523 1023 555 Dum
1038 523 1180 556 Christus
1197 525 1305 555 sancto
1323 526 1372 554 est
1387 520 1489 553 faetus

990 571 1100 603 Gloria
1123 574 1154 602 et
1177 572 1350 609 susceptor.

1075 654 1283 689 Responsoria„

906 744 912 751 .
939 721 1068 753 Mitrius
1094 722 1180 753 clara
1205 722 1345 752 veterum

987 769 1095 807 Stirpe
1119 771 1205 800 ortus
1232 766 1434 804 Graecorum,

940 814 1141 847 Sublimitate
1164 822 1331 855 procerum

986 862 1091 895 Fulsit
1114 871 1152 893 ac
1176 864 1365 902 senatorum,

938 909 1021 948 Quos
1047 909 1192 941 claritate
1216 916 1345 947 operum

985 956 1163 988 Illustravit
1187 963 1224 988 ac
1248 963 1378 988 morum.

935 1002 998 1034 Hie
1021 1003 1089 1035 zelo
1112 1006 1232 1034 tractus
1257 1008 1403 1040 superum

937 1049 1093 1082 Mundum
1118 1048 1247 1089 reliquit
1269 1048 1416 1079 miserum

985 1096 1220 1136 Fortunamque
1245 1104 1381 1127 suorum.

902 1175 911 1184 .
936 1152 991 1185 Ad
1013 1153 1186 1193 longinqua
1210 1152 1259 1183 vir
1284 1151 1398 1182 nobilis

986 1200 1174 1240 Peregrinus
1200 1198 1347 1239 migravit

937 1247 1201 1287 Provinciamque
1222 1245 1338 1278 fertilis

983 1295 1094 1327 Incola
1119 1293 1294 1334 adoptavit,

935 1341 998 1374 Ubi
1021 1344 1109 1375 sator
1132 1340 1277 1381 perutilis

982 1389 1123 1421 Virtutes
1148 1387 1323 1420 seminavit.

935 1436 1036 1476 Aquis
1063 1436 1178 1476 degens
1202 1435 1251 1467 vir
1276 1433 1413 1472 humilis,

933 1483 1098 1515 Miraeulis
1123 1481 1289 1521 mirabilis,

982 1530 1120 1563 Coelitus
1147 1531 1349 1562 corruscavit.

901 1611 907 1618 .
933 1587 1014 1628 Jugo
1041 1587 1161 1619 crudeli
1186 1585 1347 1624 subJectus

979 1634 1142 1666 Monstrat
1164 1632 1351 1674 patientiam

935 1681 1186 1722 Opprobriisque
1212 1680 1378 1719 despectus

980 1729 1049 1761 Nec
1075 1731 1183 1760 causat
1205 1727 1364 1767 injuriam,

931 1777 1015 1809 Nam
1040 1776 1118 1809 vicit
1142 1776 1229 1808 coelo
1254 1777 1416 1814 protectus

980 1824 1122 1864 Tyranni
1146 1822 1321 1856 saevitiam.

932 1870 1050 1904 Verbis
1076 1880 1115 1903 ac
1138 1872 1232 1903 minis
1258 1869 1395 1909 effectus,

929 1920 967 1952 In
992 1919 1094 1951 Deum
1117 1927 1243 1958 semper
1268 1920 1390 1949 erectus

978 1966 1167 1999 Praetendit
1189 1964 1355 1998 laetitiam.

997 2100 1044 2132 In
1066 2100 1097 2132 2.
1125 2098 1359 2131 Nocturno.

1077 2172 1273 2209 Antiphonae.

931 2243 1086 2276 Invocans
1111 2242 1214 2274 Deum
1239 2239 1400 2273 ferventer

979 2293 1018 2324 ln
1042 2290 1258 2329 tribulatione,

932 2339 1112 2372 Exauditus
1138 2340 1187 2370 est
1211 2337 1381 2369 elementer

980 2387 1019 2420 In
1042 2395 1100 2420 sua
1120 2385 1315 2461 passione.12
