1650 2587
659 69 889 103 „42-

197 164 343 196 Lucerna
367 163 490 203 fulgens
516 163 629 196 emicat

243 210 307 243 Diu
331 211 434 244 latens
458 210 516 242 sub
542 210 681 251 modulo,

198 259 285 298 Quae
308 258 458 290 virtutem
482 256 664 297 magnificat

246 304 420 336 Salvatoris
444 303 478 334 in
501 304 636 344 popu103

128 352 165 384 V.
194 351 219 384 O
247 350 364 383 Christi
387 349 574 390 benignitas.

245 396 463 430 Collaudanda
487 397 637 436 quotidie,

200 446 263 477 Per
287 453 379 484 quem
402 443 536 483 Benigni
562 444 686 476 bonitas

245 491 487 523 Demonstratur
511 490 674 523 ecclesiae.

142 549 173 580 4.
201 547 226 580 O
252 556 344 586 quam
370 545 463 585 digne
487 555 581 586 quam
604 546 727 577 laudari

246 593 380 626 Sanctus
404 592 465 624 iste
488 593 672 634 promeruit,

196 640 280 672 Dum
304 649 362 679 pro
386 638 451 670 fide
476 639 611 672 cruciari

244 687 290 719 Et
311 685 406 718 morti
429 686 516 717 tradi
537 686 649 728 voluit,

200 734 341 773 Quadam
364 733 436 766 luce
460 732 612 773 singulari

244 780 337 813 Nunc
360 779 455 812 terris
478 779 584 811 lumen
608 778 730 816 influit;

128 828 165 861 V.
196 827 244 859 Tu
269 827 322 866 qui
347 826 444 867 signis
469 826 612 859 claruisti

242 874 281 906 in
305 873 453 907 curandis
478 873 673 913 corporibus,

196 921 262 953 Nos
287 930 306 952 a.
329 923 431 953 morte
454 929 561 952 serves
585 920 670 952 tristi

244 968 289 1000 Et
313 977 332 999 a
356 967 477 1000 cunctis
504 967 674 1001 doloribus

301 1062 331 1093 A
342 1061 362 1093 d
386 1060 414 1091 L
425 1069 444 1092 a
453 1071 475 1092 u
485 1060 505 1092 d
515 1069 532 1092 e
539 1070 565 1095 s,

340 1125 531 1158 Antiphonae.

142 1184 171 1216 1.
198 1184 302 1215 Adest
326 1183 393 1215 dies
417 1182 558 1214 laetitiae

251 1230 369 1263 Christi
395 1229 515 1261 cunctis
539 1228 697 1270 fidelibus,

200 1277 266 1316 Quo
290 1275 423 1316 Benigni
447 1276 599 1315 reliquiae

245 1322 493 1355 Transferuntur
506 1331 575 1354 cum
588 1324 745 1357 laudibus.

141 1381 171 1411 2.
200 1379 331 1411 Gemma
353 1378 411 1412 sub
436 1381 522 1410 terra
545 1379 638 1411 latuit

246 1426 404 1466 Despecto
426 1426 536 1465 jacens
560 1426 674 1466 loculo,

200 1473 295 1513 Cujus
319 1474 419 1506 virtus
443 1473 592 1512 apparuit

246 1520 422 1553 Evidenter
444 1519 477 1550 in
500 1520 628 1559 populo.

139 1577 171 1608 3.
196 1576 312 1617 Fulget
335 1577 370 1608 iu
394 1575 474 1607 coeli
498 1575 599 1615 gloria

249 1623 375 1663 Mai-tyr
399 1632 470 1654 cum
494 1622 604 1663 beatis,

870 162 975 195 Multa
998 163 1152 196 beneficia

916 210 1065 242 Praestat
1089 211 1244 243 sanitatis.

813 267 847 298 4.
874 264 994 304 Corpus
1013 275 1148 308 sacrum,
1175 265 1260 305 quod
1275 262 1421 304 pluribus

918 312 1020 343 Annis
1044 311 1107 345 fuit
1131 312 1189 345 sub
1213 310 1333 349 nubilo,

870 358 1101 398 Episcoporum
1125 358 1269 391 manibus

918 405 1011 438 Nunc
1019 405 1212 438 transfertur
1220 413 1290 437 cum
1306 402 1419 442 jubilo.

813 463 845 494 5.
870 460 1003 500 Lingua,
1029 470 1123 494 manu
1147 461 1270 501 pariter

917 508 1044 547 Martyr
1067 507 1277 547 praedicavit,

870 553 968 585 Modo
992 554 1213 593 multiplieiter

918 599 1022 640 Signis
1047 601 1235 633 coruscavit.

982 674 1028 701 Ad
1047 674 1232 702 Benedictus.

802 732 843 764 A.
869 731 981 764 Carnis
1006 731 1099 772 gleba

917 778 1019 810 latens
1045 778 1196 811 divinitus

873 824 1053 858 Collocatur

920 873 1014 904 modo
1040 872 1211 912 decentius,

875 919 977 958 HuJ'us
1001 919 1077 950 solis

920 964 1080 1005 refulgens
1105 966 1204 998 radiis

871 1012 993 1044 Lumen
1017 1022 1107 1044 suum

923 1059 1070 1091 diffundit
1093 1060 1199 1093 latius,

935 1153 981 1185 In
1007 1155 1037 1188 2,
1066 1153 1280 1193 Vesperis.

993 1227 1039 1254 Ad
1057 1226 1235 1263 Magnificat.

803 1297 842 1327 A.
869 1294 894 1326 Ο
919 1297 1041 1334 martyr
1065 1294 1198 1335 egregie,

917 1340 1037 1372 Norma
1060 1340 1238 1380 probitatis,

872 1388 958 1419 Rosa
981 1387 1163 1427 patientiae,

919 1434 1009 1466 Ebur
1033 1435 1198 1473 castitatis,

873 1482 961 1521 Roga
984 1490 1090 1521 regem
1114 1481 1242 1521 gloriae,

924 1527 967 1560 Ut
992 1537 1049 1559 nos
1074 1537 1093 1561 a
1117 1528 1258 1567 peccatis

874 1574 1045 1606 Absolutos
1069 1575 1166 1606 hodie

922 1622 1041 1661 Jungat
1064 1631 1135 1654 cum
1158 1622 1272 1654 beatis,

205 1688 289 1716 Brev.
309 1697 362 1715 ms.
384 1687 412 1715 S.
426 1688 550 1722 Benigni
565 1687 719 1714 Divionen.
739 1695 813 1714 saec.
830 1684 873 1714 14.
896 1686 964 1713 Cod.
977 1687 1101 1714 Pal-isin.
1114 1686 1237 1722 (Arsen.)
1249 1684 1313 1714 274.
1327 1686 1363 1713 A.
1383 1701 1420 1705 —

128 1727 212 1753 Brev.
239 1734 290 1753 ms.
318 1726 347 1753 S.
367 1725 440 1753 Beni

441 1725 493 1760 gni
511 1724 667 1751 Divionen.
694 1733 769 1752 saec.
796 1722 838 1752 14.
863 1725 902 1751 in.
924 1724 992 1752 Cod.
1011 1724 1100 1752 Univ.
1120 1725 1281 1752 Bononien.
1299 1724 1421 1752 Mezzof.

129 1761 184 1791 341
211 1763 275 1790 add.
301 1772 376 1791 saec.
397 1759 470 1790 1⁴1iit.
491 1762 523 1789 Β.
550 1777 587 1781 -
612 1762 648 1788 In
673 1760 697 1789 1.
713 1762 796 1790 Noct.
818 1760 838 1788 R
859 1759 891 1795 2,
920 1760 953 1789 11
975 1762 1154 1790 demonstrat
1172 1764 1257 1790 varia
1275 1762 1308 1790 B.
1329 1777 1365 1782 —
1385 1763 1421 1790 In

128 1799 155 1827 2.
174 1801 258 1828 Noct.
280 1799 300 1826 R
324 1800 354 1835 1ἲ
382 1799 396 1828 1
422 1801 451 1826 et
469 1799 542 1826 fehlt
559 1800 592 1826 B.
612 1815 618 1818 -

671 1797 691 1825 R
712 1798 739 1833 4,
759 1798 777 1825 8
796 1801 905 1834 martyr

924 1802 1104 1836 conquiritur
1122 1801 1155 1829 B.
1174 1816 1213 1820 —
1231 1801 1268 1828 In
1288 1797 1315 1827 3.
1335 1800 1419 1828 Noct.

130 1836 150 1864 R
172 1836 203 1872 3,
229 1837 246 1866 9
267 1839 332 1872 Qua
352 1847 404 1874 per
420 1837 545 1872 Benigni
563 1837 679 1864 bonitas
698 1837 731 1864 B.
752 1853 788 1857 —
808 1838 957 1872 Hymen:
980 1838 1016 1865 In
1037 1836 1061 1865 1.
1075 1839 1179 1875 Vesp.:
1199 1838 1309 1872 Gaude,
1329 1841 1422 1865 mater

129 1876 266 1911 eeclesia,
288 1877 323 1904 ad
336 1877 435 1904 Noct.:
455 1874 592 1902 Exsultet
610 1875 723 1902 coelum
740 1876 892 1909 laudibus?
913 1876 944 1902 in
957 1876 1064 1903 Laud:
1085 1877 1234 1916 Hymnurn
1253 1884 1348 1904 novae
1360 1876 1420 1904 lae-

125 1914 218 1941 titiae.

583 2002 626 2033 14.
664 2003 708 2034 De
727 2004 832 2035 sancto
853 2003 967 2035 Blasio.

260 2085 309 2116 In
335 2084 365 2116 1.
391 2082 603 2122 Vesperis.

310 2176 403 2212 Super
421 2175 562 2203 Psalmos.

127 2263 167 2295 A.
193 2263 218 2295 Ο
243 2262 373 2294 lucerna

244 2310 386 2342 sincerae
409 2307 494 2348 fidei,

873 2082 930 2115 Cui
955 2086 1135 2116 sanctorum

919 2131 1117 2170 congaudent
1141 2132 1242 2172 cunei,

872 2176 940 2208 Tuo
965 2186 1115 2216 praesens

919 2224 1006 2255 adsis
1031 2225 1182 2257 solemnio

871 2270 916 2301 Et
939 2271 1072 2309 perenni

919 2326 976 2348 nos
1001 2317 1068 2350 dita
1091 2319 1216 2359 gaudio.
