1650 2587
707 127 966 164 —137—

262 221 348 249 Brev.
368 230 421 249 ms.
441 221 599 249 Anieiense
619 231 693 250 saec.
716 221 759 251 15.
781 222 849 251 Cod.
871 224 992 251 Parisin.
1016 221 1095 251 1304.
1116 223 1151 250 A.
1177 237 1214 242 ——
1239 224 1324 252 BreV.
1345 232 1398 251 ms.
1416 223 1487 250 Ani-

187 259 285 286 ciense
312 267 387 286 saec.
415 258 458 287 15.
480 259 549 287 Cod.
571 258 664 296 Capit.
684 261 817 289 Anieien.
845 269 867 288 s.
892 270 921 288 n.
940 262 973 289 B.
1000 278 1037 282 —
1062 262 1098 288 In
1126 259 1150 287 1.
1169 261 1256 297 Vesp.
1278 260 1300 288 A
1322 260 1351 295 2,
1377 259 1395 287 2
1419 270 1486 288 eon-

185 296 305 332 tempsit
327 296 436 332 gaudia
462 298 495 324 B.
526 313 559 318 -
588 295 611 323 A
636 295 668 331 3,
696 296 714 326 3
740 299 842 327 venait
867 299 941 326 haee
966 308 1034 327 vero
1061 299 1124 326 Deo
1150 299 1189 334 A;
1216 308 1286 327 vero
1306 298 1378 327 fehlt
1395 299 1429 326 Β.
1449 313 1486 317 -

185 332 207 359 Α
229 332 257 367 4,
278 331 296 359 2
316 334 390 361 fehlt
402 335 437 362 A.
463 349 495 353 —-
516 333 538 362 A
559 333 585 368 5,
607 333 625 361 2
645 343 664 362 a
679 337 763 372 panis
778 339 823 364 est
835 337 935 371 genite.
946 336 981 364 A.
995 352 1032 357 —
1051 334 1074 363 A
1089 334 1114 367 5,
1129 334 1147 364 3
1159 337 1247 364 Patre
1259 344 1371 373 suoque
1383 336 1487 372 gentili

183 371 218 398 A.
245 385 280 390 —
303 369 326 397 A
347 369 374 407 5,
394 371 414 399 4
431 373 502 400 Fuit
519 372 629 400 tradita
646 375 763 401 nutrici.
790 388 828 393 --
850 372 870 399 R
891 372 909 400 2
928 375 1010 410 virgo
1030 374 1124 410 perita
1142 375 1176 401 B.
1195 389 1233 393 -
1251 375 1326 402 Ibid.
1347 371 1365 403 3
1385 382 1417 401 se
1436 382 1486 409 pa-

183 418 247 436 rum
267 409 302 436 A.
328 424 365 428 —
391 410 467 438 Ibid.
489 409 510 438 4
534 418 652 446 sperans
679 412 737 439 sibi
761 412 892 448 praemia
909 412 951 447 Α,
977 413 1035 439 sibi
1061 413 1192 447 praemia
1209 413 1301 448 premi
1321 413 1353 440 B.
1380 427 1417 430 —
1440 412 1486 438 Ad

182 447 282 483 Magn.
298 444 328 480 A,
352 444 370 474 3
391 448 463 476 Orat
481 450 579 476 tamen
598 456 664 475 cum
684 451 797 484 superis
811 449 845 476 A.
865 463 903 467 ——
920 449 1009 477 Invit.
1029 447 1047 476 2
1068 451 1167 477 omnia
1184 450 1258 477 fehlt
1269 451 1303 477 Β.
1325 463 1361 469 ω
1379 449 1454 477 Ibid.
1468 447 1485 477 3

185 493 243 521 quo
264 485 353 513 beata
368 486 531 521 Margarita
543 486 577 514 Β.
592 500 624 504 -
646 487 682 514 In
704 485 729 513 1.
743 488 826 515 Noct.
841 485 863 512 A
887 485 910 520 1,
930 485 950 514 4
969 488 1025 514 Dei
1043 488 1106 514 vivi
1118 487 1153 513 A.
1167 502 1204 506 —
1224 486 1246 513 A
1267 486 1293 521 2,
1314 486 1332 514 2
1353 490 1397 514 est
1415 487 1489 514 fehlt

183 524 219 550 A.
242 539 280 543 —
301 520 323 548 A
345 520 363 550 3
382 523 457 551 fehlt
473 524 508 551 A.
527 538 567 543 ——
588 521 609 549 R
633 522 657 558 1,
677 523 698 551 4
716 533 771 552 nec
786 532 839 552 sua
855 524 940 559 jussa
959 525 1057 552 subire
1074 524 1172 552 fehlen
1183 525 1218 552 A.
1240 540 1276 544 —
1298 523 1318 551 R
1341 524 1365 558 1,
1388 523 1404 552 6
1425 525 1489 551 vult

184 561 242 588 sibi
258 561 291 588 B.
313 576 350 580 —
373 559 393 587 R
415 559 440 595 2,
461 560 480 589 4
499 562 579 589 Deus
600 562 628 589 ei
641 561 675 589 A.
696 576 733 581 —-
756 560 776 588 R
798 560 824 595 3,
846 560 863 588 2
884 563 962 589 bona
980 563 1077 590 studet
1088 562 1121 596 A,
1143 563 1260 598 spondit
1272 564 1305 590 B.
1324 578 1363 583 —
1384 560 1404 588 R
1418 560 1444 597 3,
1468 561 1487 589 4

183 607 238 626 nee
261 599 356 634 pretio
383 607 438 626 nee
462 608 481 626 a
504 601 534 627 te
553 599 587 626 A.
611 613 651 618 —
676 600 713 627 In
738 598 764 626 2.
784 601 869 628 Noct.
893 598 915 626 A
938 598 962 636 l,
988 598 1008 627 4
1026 600 1065 627 Ei
1083 601 1230 627 ministrat
1248 602 1281 628 Β.
1307 615 1345 620 —
1372 598 1394 626 A
1415 598 1440 634 2,
1466 599 1486 627 4

184 644 287 672 magus
312 636 400 664 draeo
420 637 454 664 A.
480 652 519 657 -—
545 635 568 664 A
595 635 622 670 2,
650 635 670 664 4
690 638 747 671 Qui
775 638 871 665 emisit
889 637 927 672 A3
954 638 1046 670 Quem
1066 639 1164 665 emisit
1181 638 1216 665 B.
1242 654 1279 658 -—
1309 637 1331 665 A
1352 635 1377 671 2,
1404 636 1421 664 6
1440 638 1486 665 De

184 674 291 702 tellure
309 675 402 701 ‘tracto
423 674 482 702 AB.
508 689 542 694 —
574 672 595 700 R
618 673 642 709 1,
667 673 685 702 2
705 676 836 703 reservat
853 675 887 708 A,
910 678 1021 702 reserat
1039 676 1072 703 B.
1099 690 1135 694 -
1162 673 1182 701 Β
1206 674 1230 709 1,
1251 674 1268 704 3
1287 677 1330 704 Ut
1347 675 1486 703 famulam

183 712 217 739 B.
241 727 278 731 -—
302 709 322 737 R
345 711 369 746 1,
390 711 410 739 4
429 712 551 740 devorat
568 712 602 745 A,
624 712 659 739 de
678 714 789 741 ventris
809 720 922 741 carcere
941 713 975 739 B.
995 727 1032 731 —
1054 711 1074 739 Β
1099 711 1123 747 1,
1145 711 1162 740 5
1181 713 1256 740 Eam
1278 714 1433 750 deglutivit
1451 714 1483 741 B.

188 765 224 769 —
245 748 266 776 Β
289 747 315 784 1,
336 748 353 777 6
374 750 467 783 Quem
486 750 522 778 de
540 752 642 777 ventre
660 752 756 786 perire
772 752 805 779 B.
831 764 867 768 -
887 748 908 775 Β
928 748 956 784 2,
976 748 994 778 3
1016 748 1072 785 Qui
1094 759 1125 778 se
1143 751 1183 786 133
1204 760 1256 786 pro
1277 752 1375 779 scenis
1394 751 1428 778 A.
1449 765 1486 769 -

189 785 210 813 R
230 785 256 822 3,
284 785 298 814 1
319 787 377 815 Dei
397 790 495 815 servat
513 788 547 815 B.
572 803 610 808 —
636 785 656 813 R
678 786 704 822 3,
726 787 743 816 6
762 790 842 816 vitae
861 785 936 815 fehlt
953 788 987 815 A.
1012 802 1049 806 —
1074 789 1110 816 In
1129 785 1156 816 3.
1175 789 1259 816 Noct.
1280 787 1302 815 A
1325 788 1348 822 1,
1372 787 1385 815 1
1405 789 1485 815 Mar-

184 827 294 860 tyrium
307 826 340 853 B.
361 840 398 844 —
417 826 443 853 A
465 824 489 859 1,
510 824 527 852 2
548 828 707 861 parcuntur
718 826 752 853 B.
772 841 809 846 —
828 823 851 851 A
875 823 898 860 1,
919 823 936 853 3
956 827 988 853 in
999 825 1145 854 Arvernia
1157 826 1216 853 AB.
1238 841 1274 845 —
1295 825 1317 853 A
1332 825 1358 860 2,
1378 824 1395 852 2
1411 829 1485 853 sunt.

184 877 221 882 —
242 863 264 890 A
285 861 311 896 2,
332 860 350 891 3
370 866 445 890 sunt.
473 878 512 882 —
539 863 560 890 A
582 860 608 899 3,
629 861 647 891 3
672 864 802 891 mirabili
822 863 856 889 A.
881 877 917 882 —
946 861 967 889 A
988 860 1013 897 3,
1034 862 1054 890 4
1069 865 1114 891 est
1132 863 1255 891 dilectus
1275 865 1312 899 A;
1341 867 1386 892 est
1403 864 1485 891 locus

183 901 218 928 A.
239 917 278 921 —
298 899 318 926 Β
341 899 366 934 1,
386 900 404 927 7
424 900 608 928 Feribundus
628 901 660 928 B.
681 916 719 920 —
740 899 760 926 Β
783 900 807 933 1,
828 898 847 928 8
869 902 898 927 et
916 902 1022 934 impius
1036 901 1070 928 A.
1092 916 1126 919 —
1153 899 1173 927 R
1195 899 1220 935 2,
1241 899 1259 928 2
1279 903 1330 938 qui
1349 904 1486 929 nascatur

183 940 218 972 A,
242 940 376 967 vastatur
395 939 428 966 B.
452 951 490 958 ·—
518 937 538 965 Β
560 936 586 971 2,
609 937 626 965 5
650 947 718 965 mox
736 939 846 966 bellum
866 938 901 965 A.
930 952 967 956 —
994 936 1014 964 R
1036 937 1062 972 2,
1084 937 1101 964 ’7
1121 939 1199 966 Dicti
1218 939 1316 967 fratris
1335 947 1403 967 nam
1420 939 1484 965 dra-

184 978 266 1004 conis
286 977 318 1003 B.
345 991 382 995 —
406 974 427 1001 R
455 974 485 1009 2,
513 974 531 1004 8
551 975 660 1002 Adstat
685 976 804 1003 adstans
830 976 915 1002 tactis
939 976 1024 1003 bonis
1043 976 1078 1009 A,
1105 976 1232 1003 offenbar
1251 977 1422 1005 verdorben.
1447 991 1484 996 —

183 1013 202 1039 Β
215 1012 243 1048 2,
263 1013 282 1042 9
305 1013 437 1041 Carceris
456 1015 489 1040 in
511 1013 628 1047 cingulo
649 1013 683 1040 A.
703 1028 742 1032 —
758 1013 901 1046 Prosella,
922 1011 958 1039 10
976 1015 1072 1048 pascit
1090 1014 1209 1041 saecula
1228 1015 1260 1041 Β.
1281 1029 1318 1033 -—
1335 1016 1372 1042 In
1390 1014 1483 1041 Laud.

185 1051 207 1078 A
229 1050 254 1085 2,
270 1050 288 1078 2
307 1052 367 1078 fere
387 1051 461 1078 fehlt
472 1051 506 1078 B.
527 1065 563 1070 -μ
584 1049 606 1076 Α
629 1047 656 1083 3,
676 1048 694 1078 3
712 1050 844 1086 Exoptat
861 1052 891 1077 te
902 1050 937 1077 A.
958 1066 994 1070 —
1014 1051 1067 1077 Ad.
1083 1051 1191 1079 Bened.
1211 1049 1243 1084 A,
1263 1049 1281 1079 8
1296 1052 1387 1086 judex
1406 1060 1486 1086 spec-

183 1091 261 1116 tavit
280 1089 314 1116 A.
337 1103 370 1106 —
392 1088 535 1116 Einzelne
552 1088 635 1115 Teile
656 1088 751 1115 dieser
763 1088 900 1116 Historia
918 1087 983 1114 sind
1003 1087 1053 1115 der
1072 1088 1326 1123 vorhergehenden
1347 1089 1485 1117 entlehnt.

606 1235 646 1267 51.
686 1236 729 1267 De
748 1235 858 1267 saneta
877 1235 1065 1276 Margareta.

316 1326 361 1357 In
389 1326 419 1358 1.
445 1326 527 1358 Ves
536 1325 660 1366 peris.
862 1324 901 1358 R.
928 1325 1071 1357 Prudens
1096 1324 1185 1365 virgo
1210 1325 1402 1366 Margareta,

931 1371 1058 1412 Martyr
1082 1372 1200 1405 Christi
1224 1373 1370 1412 gloriosa,

932 1418 1056 1458 Sponsa
1078 1422 1113 1450 ‘tu
1139 1419 1222 1459 regis
1247 1420 1378 1459 aeterni,

932 1465 1026 1498 Solve
1046 1468 1225 1498 nostrorum
1250 1467 1376 1499 vincula

929 1513 1134 1545 Peccator-um
1159 1522 1255 1552 prece
1278 1514 1342 1553 pia.

397 1390 591 1426 Antiphonae.

196 1450 227 1482 1.
253 1448 350 1488 Virgo
375 1451 477 1479 mater
502 1447 636 1479 ecelesia

252 1496 345 1528 Nova
369 1494 573 1535 frequentans
600 1494 731 1534 cantica,

251 1544 298 1576 0¹³
323 1542 475 1574 honorem
498 1544 719 1574 sacrosanctae
859 1561 899 1594 V.
928 1559 1093 1600 Superatis
1118 1563 1221 1592 autem
1247 1562 1366 1593 cunctis

251 1590 352 1622 Deum
378 1590 512 1622 laudans
537 1589 748 1629 Margaretae.
931 1608 1112 1639 ΤΟῙἼῺΕΠ,318
1137 1610 1173 1638 tu
1197 1608 1343 1648 gloriaris

192 1648 224 1681 2·
249 1646 354 1679 Adest
377 1654 512 1686 namque
538 1645 605 1678 dies
630 1654 730 1686 sacra,
929 1654 1023 1686 Nunc
1046 1655 1077 1686 in
1105 1655 1200 1686 coelis
1224 1664 1293 1687 cum
1318 1656 1450 1696 angelis,

251 1694 349 1733 Quam
375 1694 488 1725 solaris
514 1691 615 1725 refert
637 1695 718 1732 rota,
928 1702 1015 1734 Audi
1051 1710 1127 1742 nos,
1164 1705 1270 1734 mente
1304 1711 1472 1743 precamur

250 1742 318 1781 Qua
344 1741 463 1773 carnali
487 1741 570 1773 mole
594 1742 696 1771 strata
1185 1750 1307 1783 devota·

252 1789 381 1823 Coelum
405 1789 488 1829 petit
511 1788 703 1828 Margareta.

192 1848 223 1880 3.
244 1846 334 1878 Haec
358 1848 407 1877 est
430 1845 519 1885 virgo
543 1845 698 1885 speciosa,
1045 1825 1091 1852 Ad
1109 1824 1292 1859 Magnificam

248 1894 298 1926 De
323 1893 434 1933 gentili
458 1893 559 1932 stirpe
583 1894 662 1932 sata,
856 1883 896 1915 A.
921 1883 1010 1915 Inter
1035 1885 1177 1915 catervas
1201 1883 1359 1924 virginum

249 1941 335 1980 Quae
358 1940 405 1972 sic
430 1949 520 1971 suum
545 1948 642 1980 genus
668 1942 769 1980 ornat,
927 1931 1053 1971 Agssum
1077 1930 1139 1962 Dei
1163 1932 1361 1970 sequentium

246 1988 333 2020 Rosa
357 1995 492 2019 vernans
516 1990 553 2019 ut
577 1986 711 2026 spineta.
926 1978 1120 2018 Margaret&
1147 1977 1234 2018 Virgo
1260 1979 1323 2021 Pia,

192 2047 225 2078 4·
251 2043 453 2083 Virginitafis
476 2043 578 2075 lilium
926 2025 1028 2057 Dulce
1053 2026 1160 2057 cantat
1184 2025 1334 2065 Alleluja.

248 2091 376 2124 Christo
401 2090 493 2122 offert
517 2090 674 2130 eximium,

249 2138 394 2172 Christus
418 2138 451 2169 in
475 2138 534 2170 tali
558 2146 688 2169 munere
989 2120 1020 2151 A
1030 2120 1051 2152 d
1074 2118 1112 2152 M
1121 2128 1140 2150 θ’
1147 2121 1162 2150 t
1169 2129 1191 2150 Π
1198 2120 1231 2151 ti
1239 2130 1260 2151 Π
1267 2129 1289 2151 ¹²
1297 2129 1338 2152 m·

249 2188 388 2220 Pascens
415 2184 510 2218 cubat
530 2184 673 2217 meridie.
1063 2185 1277 2213 Invitatorium.

189 2247 220 2279 5.
249 2244 379 2277 Florem
402 2242 499 2274 istum
524 2241 673 2280 Olybrius
925 2243 1063 2276 Perenni
1087 2250 1203 2282 sponso
1228 2244 1384 2284 virginum

246 2293 384 2325 Vastare
409 2290 483 2322 dum
508 2289 685 2329 demolitur,
926 2291 1021 2323 Plebs
1047 2290 1184 2323 exsultet
1211 2290 1362 2334 fidelium,

246 2339 307 2373 Dei
333 2337 415 2370 fulta
435 2338 598 2377 juvamine
926 2338 964 2370 In
989 2347 1049 2378 quo
1075 2338 1163 2378 virgo
1185 2338 1371 2380 Margareta.

246 2388 332 2420 Fuso
359 2386 490 2418 decorat
513 2384 674 2425 sanguine.
924 2386 1062 2420 Vincens
1095 2386 1246 2418 mundum
1270 2390 1357 2420 tenet
1380 2391 1478 2423 astra.
