1650 2587
704 83 939 117 -37-

355 174 401 202 Ad
419 174 603 203 Benedictus.

171 239 211 273 A.
242 241 433 274 Benedictus
456 241 644 275 bellatorum

242 287 317 320 Dux
340 288 380 320 ab
406 296 462 321 ore
486 289 652 331 viatorum,

290 336 321 367 A
346 345 408 376 quo
433 338 541 368 manat
563 337 708 380 victoria,

243 382 305 414 Per
329 391 420 422 quem
445 383 589 416 Barbara
613 395 739 418 suorum

243 428 334 469 Capit
358 430 502 461 bravium
527 430 684 464 bellorum

288 476 483 516 Tripudians
508 477 541 509 in
564 479 675 519 gloria.

314 590 359 621 In
386 592 418 624 2.
443 590 659 631 Vesperis.

435 665 537 693 Prosa.

245 730 341 771 Virgo
368 732 474 764 virens
499 733 564 766 fide
588 734 654 769 fida

292 778 438 811 Barbara
463 781 628 825 connituit,

242 824 283 856 El
310 826 476 859 colendum
500 828 563 860 ista
587 831 687 862 solum

291 872 454 914 Profatm,
478 883 540 914 quo
565 877 683 909 micuit.

243 918 300 950 Cui
323 919 419 952 fidem
442 923 642 961 spopondisti

287 965 401 998 Secum
425 968 466 999 ad
489 970 611 1008 palatia

920 180 1023 223 Vexit,
1049 188 1108 220 pro
1133 180 1202 219 quis
1227 180 1333 211 sitiisti

970 227 1032 259 Per
1056 228 1209 266 longaeva
1232 228 1345 266 spatia.

922 275 969 307 Te
994 275 1131 306 colentes
1156 273 1208 305 hic
1232 274 1265 305 in
1290 275 1375 306 valle

968 321 1163 360 Desperatos
1188 329 1227 352 ne
1251 321 1329 361 sine,

922 369 985 400 Sed
1009 368 1066 400 hos
1091 370 1191 406 vecta,
1217 368 1271 399 ubi
1297 368 1376 399 caeli

970 415 1094 448 Canunt
1115 415 1212 446 melos
1238 415 1385 448 carmine.

1038 508 1084 536 Ad.
1103 508 1290 535 Benedictus.

884 603 891 610 .
920 575 1104 616 Magnificet
1124 575 1292 607 Dominum

920 624 1015 655 Plebs
1040 622 1143 656 fidelis
1168 622 1329 655 hominum

968 670 1131 702 Barbarae
1155 679 1214 709 pro
1239 669 1341 710 festis,

921 718 984 749 Per
1009 726 1101 757 quam
1128 719 1219 756 pater
1243 717 1393 748 luminum

920 764 986 796 Nos
1011 763 1144 796 mundos
1168 773 1187 795 a
1213 764 1375 795 criminum

967 811 1075 843 Factis
1099 810 1273 842 inhonestis

923 859 999 891 Post
1021 859 1105 890 hunc
1131 858 1225 890 ducat
1249 858 1416 890 terminum

924 906 978 937 Ad
1002 905 1134 945 gloriam
1158 904 1315 944 agminum

971 952 1098 984 Patriae
1118 952 1271 986 coelestis.

246 1051 330 1077 Brev.
360 1060 412 1080 ms.
440 1052 649 1083 Cameracense
677 1064 754 1083 saec.
781 1053 824 1083 15.
873 1055 940 1083 God.
967 1055 1095 1082 Parisin.
1125 1051 1232 1081 17295.
1257 1054 1292 1081 A.
1328 1070 1361 1074 -—
1391 1055 1478 1081 Brev.

171 1086 380 1116 Cameracense
399 1091 468 1126 imp.
488 1091 612 1119 Parisiis
636 1090 717 1120 1497.
736 1094 770 1121 B.
795 1109 833 1114 —-
859 1093 943 1120 Brev.
964 1093 1150 1120 Bisuntinum
1170 1092 1240 1127 imp.
1261 1100 1284 1118 s.
1306 1092 1324 1118 l.
1346 1094 1375 1119 et
1394 1100 1419 1119 a.
1443 1093 1473 1118 Ο.

170 1140 224 1190 1-51
228 1126 320 1191 ἔιεέτ
345 1127 530 1156 Tornaeense
554 1130 623 1166 imp.
654 1129 734 1158 1497.
761 1131 797 1158 D.
826 1146 862 1150 —
892 1131 976 1158 Brev.
1003 1129 1032 1157 S.
1060 1129 1185 1157 Gudilae
1210 1130 1374 1157 Bruxellen.
1401 1131 1469 1164 imp-

246 1200 269 1229 O
301 1202 445 1231 bemerkt:
476 1202 611 1233 Officium
641 1214 765 1242 sequens
799 1206 903 1233 beatae
932 1206 1081 1233 Barbarae
1109 1213 1169 1232 non
1195 1208 1240 1232 est
1263 1204 1300 1232 <le
1326 1205 1468 1232 ordinari.

170 1239 336 1268 Bisuntino.
364 1256 401 1260 —
425 1241 461 1269 In
488 1239 513 1269 1.
531 1243 620 1279 Vesp.
642 1242 689 1270 ΑΑ
711 1252 798 1281 super
817 1244 865 1271 Ps.
893 1244 990 1271 fehlen
1008 1244 1046 1271 D.
1095 1258 1110 1260 2
1135 1242 1171 1270 In
1194 1240 1221 1270 3.
1241 1243 1324 1270 Noct.
1349 1241 1371 1268 Α
1400 1241 1432 1276 1,
1463 1240 1477 1268 1

172 1276 279 1305 Christi
306 1279 396 1307 fomes
418 1278 454 1306 Ε.
482 1295 520 1300 —
545 1281 603 1308 Die
622 1282 716 1309 Prosa
741 1283 773 1309 in
798 1279 824 1307 2.
844 1282 932 1317 Vesp.
958 1281 1036 1309 steht
1060 1283 1091 1308 in
1111 1280 1137 1307 A
1163 1288 1209 1307 am
1229 1280 1345 1308 Schluss
1374 1280 1424 1308 der
1452 1277 1468 1307 Ξ

166 1315 251 1342 Noct.
272 1332 309 1336 —
329 1317 483 1353 Hymnen:
505 1318 674 1347 Gratuletur
694 1320 820 1347 ecclesia
838 1319 912 1346 und:
934 1319 958 1346 Ο
978 1319 1030 1346 lux
1049 1320 1137 1347 beata
1154 1319 1280 1345 trinitas.

632 1492 674 1524 12.
714 1494 758 1524 De
778 1493 885 1524 sancto
905 1493 1008 1525 Beato.

309 1572 354 1603 In
382 1572 413 1605 1.
440 1571 652 1610 vesperis,

355 1655 401 1683 Ad
420 1655 600 1691 Mag-nificat.

168 1736 207 1767 A.
237 1734 354 1767 Funde
377 1741 501 1774 preceS‚
528 1742 546 1764 0
571 1733 681 1776 Beate,

284 1780 407 1813 meritis
433 1782 465 1812 et
488 1781 625 1824 nomine,

237 1830 300 1862 Pro
326 1828 429 1868 nobis,
455 1828 563 1861 natale
587 1830 675 1861 tuum

284 1876 339 1917 qui
362 1885 512 1917 paramus
536 1876 651 1909 colere.

310 2009 371 2041 Ad
394 2008 658 2043 Matutinum.

373 2084 589 2112 Invitatorium.

236 2152 316 2193 Regi
337 2154 518 2184 sanctorum

284 2198 461 2232 referamus
493 2207 626 2230 munera
649 2199 790 2239 laudum,

236 2248 294 2288 Qui
320 2246 505 2279 sublimavit

283 2297 427 2329 sanctum
439 2303 536 2334 super
548 2296 635 2326 astra
647 2294 790 2327 Beatum.

989 1573 1034 1605 In
1062 1574 1092 1606 1.
1120 1572 1346 1606 Nocturno.

1067 1647 1265 1683 Antiphonae.

868 1714 898 1747 1.
924 1714 1084 1754 Principis
1110 1714 1325 1753 apostolorum

969 1762 1170 1801 doctorisque
1194 1761 1334 1802 gentium

923 1808 1167 1841 Praedicatione
1190 1809 1292 1841 Roma

971 1857 1109 1889 credidit
1132 1856 1165 1887 in
1190 1856 1371 1891 Dominum,

864 1935 896 1967 2.
922 1933 1012 1965 Tunc
1038 1932 1155 1965 direxit
1184 1935 1310 1964 sanctus
1335 1933 1450 1965 Petrus

970 1981 1122 2020 quosdam
1149 1988 1187 2011 cx
1212 1980 1372 2012 nobilibus

921 2028 993 2060 Huc
1016 2028 1155 2067 illucque
1180 2027 1312 2059 verbum
1337 2028 1424 2061 vitae

966 2076 1155 2115 praedicare
1181 2074 1338 2115 gentibus.

862 2153 893 2185 3.
919 2151 969 2183 Ex
994 2150 1059 2182 illis
1085 2159 1164 2182 unus
1187 2150 1305 2182 Beatus

966 2199 1164 2239 nuncupatus
1190 2198 1321 2238 exstitit,

920 2246 1084 2286 Dignitate
1108 2253 1230 2277 morum
1254 2246 1379 2285 pollens

968 2296 1063 2333 atque
1084 2293 1265 2326 sacerdotii.
