1650 2587
658 118 913 152 —212—

339 214 543 249 Responsoria.

175 305 181 312 .
208 283 244 314 In
272 282 384 312 tellure
407 279 580 313 Beneventi

255 327 348 359 claris
373 331 458 358 ortus
480 325 634 366 patribus,

208 371 343 413 Insignis
367 373 483 405 mundo
506 372 616 404 Piatus

255 420 353 452 sacris
377 419 467 451 fulsit
486 418 634 457 moribus,

169 492 175 498 .
206 468 285 499 Mox
311 474 390 505 puer
417 465 571 497 Christum
598 463 756 502 sequendo

254 511 448 544 admirandis
471 510 602 542 nisibus.

175 595 182 602 .
208 569 285 600 Post
309 567 435 599 adultus
460 565 628 604 vilipendit,

254 623 365 646 vanam
388 612 497 645 mundi
520 611 662 652 gloriam,

207 662 257 693 De
281 661 344 692 suis
369 660 447 691 nihil
471 667 636 690 reservans

254 709 380 747 praeter
404 709 523 738 vestem
547 705 721 745 simplicem

170 780 177 788 .
205 755 258 794 Et,
285 762 485 793 quaecunque
507 751 701 792 possidebat,

255 802 333 833 dans
357 799 503 832 fomentis
528 807 710 839 pauperum.

175 883 182 891 .
207 859 339 890 Romam
363 857 467 897 pergit
483 857 550 895 jam
566 855 615 887 vir
632 858 757 887 exstans

255 904 322 936 illic
346 906 377 934 et
400 903 598 943 conjungitur

207 951 359 990 Dionysio
383 951 510 989 suisque

255 997 371 1030 sanctis
397 996 616 1029 consodalibus

167 1071 176 1079 .
205 1046 249 1078 Et
271 1043 435 1076 nitentium
460 1044 597 1075 virorum

254 1092 358 1123 lumen
384 1093 477 1130 auget
500 1089 638 1122 addituS.

272 1213 318 1243 111
343 1213 374 1243 2.
400 1211 626 1243 Nocturno.

353 1284 547 1320 Antiphonae.

184 1367 190 1374 .
219 1342 334 1374 Caesar
358 1344 393 1373 ut
416 1341 538 1373 audivit

261 1388 393 1428 populos
420 1388 526 1419 divina
552 1387 673 1427 docere,

213 1434 381 1474 Praecepit
405 1434 509 1474 gladio

262 1484 355 1521 caput
387 1482 453 1520 eJus
476 1482 512 1511 ut
536 1482 760 1519 amputaretur.

350 1564 554 1599 Responsoria.

182 1660 188 1667 .
214 1632 272 1664 His
296 1629 448 1671 profectis
472 1630 657 1670 praedicare

262 1678 419 1711 Christum
444 1677 528 1718 genti
553 1676 693 1708 Gallicae

213 1726 389 1757 Tornacum
413 1724 521 1757 Piatus
544 1723 654 1754 urbem

260 1780 295 1802 se
319 1771 433 1803 direxit
456 1770 593 1809 inclitus,

178 1847 184 1852 .
215 1819 291 1852 Cum
315 1819 454 1849 Parisius
478 1817 588 1848 beatus

260 1865 323 1897 iret
345 1864 525 1905 Dionysius.

182 1946 190 1954 .
214 1922 300 1961 Ergo
327 1920 528 1953 diffundendo
550 1921 615 1951 late

262 1970 370 1999 sancta
394 1968 483 2000 verbi
507 1967 626 1998 semina

220 2011 354 2047 Christo*
371 2015 524 2047 convertit
546 2014 684 2046 virorum

264 2064 314 2092 ter
339 2061 457 2093 decena
479 2061 566 2092 milia

176 2135 185 2142 .
216 2109 346 2140 Praeter
368 2117 485 2148 parvos
511 2110 543 2138 et
565 2108 695 2139 secundi

264 2163 356 2186 sexus
381 2155 506 2187 turbam
529 2155 705 2188 maximam.

172 2240 179 2246 ,
219 2211 356 2244 Gemmis
380 2212 463 2243 inter
486 2211 564 2242 haec
580 2220 763 2244 corruscans

262 2258 413 2290 virtutum
435 2258 606 2299 miraculis,

216 2305 396 2339 Edomabat
418 2306 573 2345 parcitate

266 2354 345 2386 dura
368 2353 451 2385 vires
476 2353 627 2394 corporis,

814 212 854 243 V.

827 894 858 925 2.

820 2204 859 2236 V.

883 209 929 242 Ut
951 209 1129 250 frangendo
1153 208 1320 241 roboratus

929 257 1013 288 hosti
1032 266 1094 288 non
1115 255 1342 295 succumberet,

884 304 981 342 Quem
1005 303 1136 334 misellis
1160 301 1394 333 incumbantem

932 350 1092 382 debellare
1115 351 1255 381 venerat.

946 491 1050 522 1113,
1077 488 1301 519 Nocturno.

1027 561 1222 597 Antiphonae.

850 655 858 662 .
884 628 1037 668 Martyris
1062 629 1104 660 ad
1127 629 1229 660 sancti

932 676 1062 708 veniunt
1098 676 1274 715 quicunque
1306 676 1410 714 sepul-

1211 723 1329 764 chrum,

887 769 991 808 Ipsius
1017 769 1137 800 meritis

936 819 1002 848 toto
1022 825 1041 847 a
1064 816 1216 855 languore
1240 816 1394 849 levantur.

885 891 910 923 Ο
935 894 1058 933 martyr
1082 891 1209 923 Domini

932 939 1061 979 Christi,
1086 939 1227 971 verande
1250 938 1350 978 Piate‚

882 985 931 1017 Sis
955 986 1046 1017 nobis
1076 986 1221 1024 clemens,

927 1032 1134 1072 quamvisnon
1142 1040 1274 1072 corpore
1277 1040 1439 1071 praesens.

1029 1145 1234 1179 Responsoria.

857 1238 864 1246 .
890 1211 936 1243 At
960 1211 1076 1244 Caesar
1099 1211 1321 1252 Maximianum,

934 1258 1099 1291 virulentis
1124 1258 1252 1290 auribus

888 1305 932 1337 Ut
956 1304 1072 1336 famam
1096 1306 1198 1336 saneti
1223 1305 1306 1336 Piati

934 1352 1041 1384 hausit
1065 1352 1104 1383 de
1127 1352 1334 1393 magnalibus,

888 1399 1121 1439 Comprehendi
1141 1398 1238 1437 jussit
1259 1407 1329 1430 eum

936 1446 978 1478 ad
1002 1445 1177 1477 necandum
1201 1445 1356 1486 protinus,

890 1491 925 1524 Si
948 1501 1010 1524 non
1034 1492 1132 1524 vellet
1152 1492 1309 1524 idolorum

937 1539 1093 1578 applicari
1118 1539 1262 1570 cultibus.

855 1637 862 1645 .
888 1613 949 1645 Ille
972 1614 1110 1645 militare
1132 1616 1297 1653 promptus

936 1663 1030 1699 atque
1053 1660 1137 1691 vinci
1160 1661 1295 1700 nescius,

889 1705 996 1738 Nexus
1020 1706 1107 1745 vicit,
1132 1704 1231 1746 flagra
1254 1707 1340 1747 vicit,

936 1753 1013 1786 vicit
1036 1761 1142 1784 omnes
1166 1753 1312 1794 impetus,

851 1824 859 1831 .
887 1799 1070 1832 Decollatus
1094 1809 1228 1841 namque
1252 1802 1390 1841 tandem,

935 1848 1019 1879 laeto
1044 1850 1134 1878 coetu
1159 1850 1332 1889 martyrum

889 1893 1030 1926 Palmam
1054 1895 1151 1934 gessit
1174 1895 1334 1927 laureatus

938 1941 979 1973 ad
1005 1941 1083 1973 coeli
1107 1942 1269 1981 palatium.

858 2040 865 2046 .
891 2015 1037 2057 Dumque
1061 2017 1154 2057 gleba
1179 2018 1368 2051 conderetur

937 2064 1068 2103 pretiosi
1092 2066 1250 2105 martyris,

890 2110 994 2142 Fusus
1019 2114 1068 2142 est
1090 2112 1169 2143 odor
1191 2113 1320 2151 superni

939 2158 1055 2189 circum
1081 2167 1174 2190 crura
1197 2160 1345 2199 nectaris,

888 2204 938 2236 Ne
962 2205 1037 2245 quid
1062 2205 1197 2238 mundus
1222 2207 1394 2239 haesitaret

940 2253 980 2284 de
1003 2253 1105 2284 salute
1129 2252 1270 2294 spiritus,

894 2298 989 2338 Cujus
1015 2300 1101 2331 carni
1126 2300 1348 2340 comprobaret

940 2346 1093 2379 deserviri
1118 2347 1259 2380 coelitus,
