1650 2587
152 892 183 923 ἘΟ

131 2230 168 2261 V.

672 124 904 158 ..14-

177 243 184 250 .
208 218 302 249 Miles
328 221 413 250 tutus
437 222 485 250 est
508 221 632 250 secutus

259 265 376 304 Regem
401 265 601 307 ineffabilem,

209 311 266 350 Qui
298 315 369 350 post
400 312 502 343 luctus
536 314 585 342 est
607 312 759 343 deductus

258 359 294 390 In
320 358 402 389 viam
426 358 619 400 mirabilem;

209 405 349 443 Adjuvct
373 404 425 435 hic
448 404 569 443 flentes,

257 451 456 483 lacrimarum
482 452 567 483 valle
587 452 756 490 gementes.

285 573 328 604 In
356 574 387 605 3.
413 572 637 604 Nocturno.

351 636 544 672 Antiphonae.

176 720 183 727 .
210 693 304 733 Signo
330 693 431 725 crucis
455 694 669 733 praemunitus

253 740 384 772 verbum
411 740 527 772 Christi
554 741 659 780 coluit,

208 787 274 825 Quo
298 787 428 827 sagittas
451 790 651 827 peccatorum

254 837 392 865 armatus
417 843 479 866 non
503 834 615 868 timuit.

212 889 357 922 Pontifex
381 891 598 922 immaculatus

254 938 436 969 conscendit
460 938 500 969 ad
525 938 664 978 aethera,

206 984 284 1022 Quia
309 993 404 1024 super
425 985 621 1016 innocentem

250 1040 311 1062 non
337 1031 460 1070 accepit
482 1040 622 1065 munera.

209 1087 296 1119 Stola
319 1087 565 1120 immortalitatis

253 1137 285 1164 et
309 1143 422 1165 corona
447 1134 566 1174 gloriae

204 1180 314 1212 Induit
335 1181 553 1220 Agrippanum

252 1236 308 1259 rex
333 1227 577 1259 misericordiae.

339 1321 544 1357 Responsoria.

171 1402 178 1408 .
204 1376 301 1408 Dirae
329 1379 429 1417 gentis
454 1378 612 1411 feritatem

253 1424 381 1464 cupiens
407 1427 605 1466 exstinguere

205 1470 249 1502 Et
273 1471 314 1503 ad
340 1472 456 1503 cultum
482 1474 623 1505 veritatis

251 1517 416 1550 intendens
442 1523 633 1562 convertere,

206 1563 336 1596 Cursum
360 1566 444 1597 vitae
469 1568 695 1599 consummavit

251 1611 394 1650 pontifex
418 1613 640 1653 Agrippanus3

166 1682 173 1688 .
204 1658 263 1695 Qui
285 1658 319 1689 in
343 1667 439 1698 regno
465 1660 617 1691 claritatis

250 1704 440 1737 admonebat
462 1707 612 1746 populum

203 1750 246 1782 Et
272 1752 433 1783 doctrinae
457 1753 604 1785 salutaris

249 1798 440 1837 propinabat
459 1800 614 1838 poculum.

170 1879 177 1886 .
205 1854 293 1886 Stola
317 1853 440 1894 fulgens
467 1856 638 1888 immortali

252 1904 282 1932 et
306 1910 421 1933 corona
444 1903 562 1941 gloriae

202 1948 335 1980 Indutus
355 1948 558 1989 Agrippanus

249 1995 352 2027 coelos
380 1996 505 2028 scandit
533 1996 637 2037 hodie,

203 2041 277 2073 Sine
300 2041 363 2074 fine
385 2046 571 2083 regnaturus

248 2089 280 2119 in
307 2092 475 2129 conspectu
497 2090 634 2132 Domini,

204 2135 262 2168 Cui
286 2144 355 2167 sese
380 2138 575 2169 consecravit

248 2182 366 2214 honore
389 2185 545 2223 martyrii.

199 2230 401 2262 Praesulatus
428 2231 612 2271 dignitatem

248 2277 382 2317 adipisci
403 2278 527 2319 meruit,

200 2325 238 2357 In
263 2333 323 2364 quo
348 2324 415 2357 Deo
439 2324 622 2357 famulatum

249 2372 394 2404 devotum
420 2372 570 2406 exhibuit.

830 220 860 250 3.
888 218 913 249 O
939 218 1103 256 praeclare
1126 218 1187 249 Dei
1210 220 1342 257 martyr,

933 264 957 296 O
983 264 1109 302 praesul
1131 264 1327 303 Agrippane,

886 310 944 349 Qui
977 319 1035 349 pro
1062 309 1186 341 Christo
1211 313 1343 342 mortem
1368 310 1435 349 pati

933 356 1101 387 decrevisti
1130 357 1264 397 nomine,

884 403 936 434 Ad
961 411 1129 442 supernam
1153 412 1210 434 nos
1236 402 1374 435 concede

930 449 1067 489 patriam
1090 449 1276 492 perducere,

845 523 852 529 .
883 496 948 529 Ubi
971 496 1073 528 sancti
1097 496 1273 536 gloriantur

929 552 1019 575 sacro
1038 543 1140 583 juncti
1165 542 1303 577 foedere.

1053 627 1195 655 Prosella.

882 686 933 718 lbi
960 685 1027 717 dies
1052 684 1146 717 finem
1170 685 1281 727 nescit,

883 732 933 763 ibi
957 734 1049 764 sonat
1071 732 1264 773 angelorum,

885 779 946 811 Ubi
970 779 1096 818 praesul
1122 779 1173 810 hic
1198 780 1340 819 quiescit,

883 826 1007 858 Novum
1030 835 1153 858 carmen
1180 832 1212 858 et
1237 827 1396 858 decorum.

882 882 930 914 lbi
955 883 1041 923 viget
1063 892 1126 922 pax
1152 883 1313 922 bonorum,

880 930 1018 969 Fragrat
1041 930 1120 961 odor
1143 929 1390 970 pigmentorum3

882 976 942 1007 Hic
966 977 1019 1015 qui
1043 977 1111 1008 Deo
1136 975 1335 1017 famulamur,

882 1023 963 1055 Vera
987 1032 1067 1062 paee
1089 1022 1299 1062 perfruamur.

973 1137 989 1168 I
997 1145 1017 1166 n
1042 1135 1069 1167 L
1079 1145 1098 1167 a
1105 1145 1127 1167 u
1140 1136 1160 1167 d
1170 1136 1181 1167 i
1192 1136 1211 1167 b
1221 1145 1242 1167 u
1250 1145 1275 1167 s.

1021 1200 1213 1235 Antiphonae.

846 1283 853 1290 .
879 1258 949 1289 Lux
974 1258 1131 1297 solemnis,
1160 1258 1226 1289 dies
1251 1258 1339 1297 pacis

928 1304 1018 1336 fulsit
1041 1307 1073 1335 et
1096 1305 1245 1343 laetitiae,

878 1352 914 1383 In
941 1360 1003 1391 qua
1025 1352 1152 1391 praesul
1178 1354 1227 1383 est
1250 1352 1384 1391 adeptus

925 1399 1098 1437 praemium
1123 1398 1285 1430 victoriae.

846 1480 853 1487 .
881 1454 1082 1487 Gratulemur
1104 1455 1199 1487 laude
1224 1455 1295 1494 pari

925 1505 957 1533 et
977 1510 1155 1541 promamus
1182 1502 1313 1541 cantica,

879 1548 1052 1580 Offerentes
1076 1548 1144 1579 Deo
1169 1549 1253 1587 patn'

923 1595 1018 1626 thura
1041 1603 1168 1634 precum
1193 1596 1336 1635 mystica.

845 1678 851 1685 .
877 1651 936 1690 Qui
962 1652 1001 1683 de
1026 1651 1096 1682 luce
1120 1652 1269 1694 vigilasti,

922 1697 1074 1737 pontifex,
1101 1698 1141 1730 ad
1166 1699 1345 1741 Dominum,

878 1745 954 1777 Piae
976 1745 1079 1784 plebis
1104 1748 1136 1776 te
1158 1747 1319 1785 precantis

923 1795 1011 1832 terge
1035 1792 1145 1824 sordes
1172 1794 1345 1828 criminum.

818 1850 848 1881 4.
874 1848 1001 1880 Patrem
1026 1851 1119 1888 atque
1141 1852 1338 1883 coaeternum

921 1895 1021 1935 patris
1046 1896 1238 1936 unigenitum

876 1943 1070 1974 Veneremur
1095 1944 1320 1977 conlaudantes

922 1989 1067 2029 spiritum
1091 1991 1291 2029 paraclitum.

846 2071 852 2078 .
877 2044 1063 2078 Referamus
1089 2046 1157 2079 Deo
1181 2049 1266 2087 patri

922 2093 1032 2125 laudes
1058 2102 1127 2125 cum
1151 2095 1339 2136 Agrippano

875 2139 1080 2172 Exsultantes
1106 2144 1138 2172 et
1161 2143 1334 2181 psallentes

922 2187 955 2217 in
982 2187 1108 2220 chordis
1133 2192 1165 2220 et
1187 2198 1313 2229 organo.

989 2271 1034 2298 Ad
1053 2272 1237 2301 Benedictus.

805 2328 844 2360 A.
869 2327 1019 2360 Visitavit
1043 2332 1075 2361 et
1099 2331 1234 2364 redemit

921 2375 1006 2407 Deus
1031 2386 1120 2410 suum
1144 2379 1296 2418 populum
