1650 2587
293 186 388 218 Tanti
412 183 551 216 foederis
576 184 710 225 bajulus,

292 234 390 271 Quem
415 234 507 271 pater
531 231 628 273 misit,
653 231 783 272 angelus

339 280 377 311 In
403 278 496 310 terris
518 277 689 318 adoretur;

252 350 259 358 .
292 326 432 366 Angelus
459 324 591 357 Gabriel

337 372 451 404 missus
476 370 517 404 ad
543 373 696 413 virginem

290 421 393 453 Deum
418 419 586 452 adnuntiat

338 466 408 500 fieri
432 466 599 508 hominem,

291 515 338 548 Ut
360 515 453 546 homo
477 514 605 546 homine

338 564 499 601 assumpto
524 562 674 603 salvetur,

290 610 335 642 Et
360 618 433 641 caro
457 607 556 640 fluida

340 656 437 689 verbo
462 657 664 688 sustentetur.

258 737 265 746 .
290 712 510 753 Archangelus

339 770 357 792 e
381 760 467 792 coelo
491 759 637 800 mittitur,

293 807 463 841 Fortitudo

341 855 395 895 qui
419 854 479 886 Dei
506 854 631 894 dicitur,

292 903 347 934 Ad
371 901 524 942 virginem

340 949 407 980 viro
433 947 642 980 confortatam

292 996 466 1035 Tamquam
489 1004 636 1034 sponsam

336 1043 405 1074 Deo
429 1045 672 1082 praeparatam,

252 1116 259 1122 .
290 1089 461 1122 Benedixit

339 1136 469 1169 Gabriel
497 1136 631 1176 beatam,

292 1183 470 1216 Virtutibus

338 1231 482 1263 omnibus
507 1233 660 1264 ornatam.

256 1311 264 1319 .
287 1287 489 1328 Benedictus,
515 1287 567 1326 qui
593 1287 680 1319 venit

337 1335 370 1366 in
395 1334 520 1366 nomine
543 1333 681 1375 Domini,

294 1382 339 1413 Et
363 1380 548 1412 benedictus
572 1381 735 1419 Dominus,

342 1428 415 1468 quia
440 1427 535 1470 venit,

293 1474 488 1508 Benedictus
512 1474 554 1506 sit
579 1474 710 1515 spiritus

339 1521 486 1555 altissimi

290 1570 334 1602 Et
358 1568 527 1601 benedicta
550 1568 664 1609 Maria,

338 1625 418 1657 quae
444 1616 597 1656 concepit.

251 1690 259 1698 .
297 1663 501 1705 Congaudeat

340 1711 434 1743 turba
456 1710 608 1751 fidelium,

291 1759 494 1798 Benedictus,

340 1806 392 1847 qui
416 1805 505 1837 misit
526 1804 636 1838 filium.

349 1893 396 1925 In
421 1892 452 1924 2.
478 1890 712 1922 Nocturno.

431 1946 625 1981 Antiphonae.

256 2023 263 2031 .
290 1997 318 2029 A
344 2004 464 2027 summo
489 1995 616 2027 nuntius

339 2051 483 2083 egressus
509 2043 665 2074 coelorum

290 2090 449 2123 Nazareth
476 2089 602 2121 veniens

337 2137 468 2169 verbum
495 2136 652 2169 eructavit

288 2186 421 2224 Bonum,
448 2183 506 2215 sed
530 2184 653 2225 melius,

338 2240 420 2273 quae
440 2230 576 2263 nescivit
598 2231 734 2271 thorum,

289 2281 387 2321 Virgo
415 2278 594 2318 concipiens

336 2328 439 2360 Deum
463 2326 650 2360 incarnavit.

918 187 950 220 2,
975 184 1163 217 Dominator
1187 185 1357 217 adveniens

1021 232 1126 264 Intrat
1132 232 1283 272 templum
1294 232 1408 264 clausis
1414 231 1525 273 portis,

973 279 1019 311 Et
1041 280 1169 320 angelus
1193 279 1400 319 praeveniens

1020 325 1200 359 Adnuntiat
1223 329 1382 366 potentem
1408 326 1510 359 fortis„

918 414 950 446 3.
976 410 1012 443 ln
1038 411 1173 443 Domino
1198 410 1380 443 laudabitur

1021 458 1140 491 Anima
1164 458 1298 498 diligens
1323 457 1429 499 vitam,

972 506 1216 547 Archangelum,
1243 505 1296 545 qui
1319 504 1455 536 mittitur

1020 554 1063 586 Et
1087 552 1215 585 Domini
1240 551 1448 584 benedictam.

1108 702 1315 739 Responsoria.

939 814 946 821 .
973 790 1136 829 Responso
1161 790 1293 827 accepto

1019 836 1149 876 virginis
1173 835 1301 867 inclitae

971 883 1150 923 Respondit
1174 882 1296 922 angelufi

1019 929 1149 962 Gabriel
1174 929 1317 970 placide:

974 977 1082 1008 Virtus
1107 976 1252 1009 altissimi

1019 1023 1115 1055 faciet
1138 1024 1255 1063 utique,

974 1071 1063 1110 Quod
1088 1071 1223 1110 quaeris,
1249 1070 1363 1111 Marla,

1023 1126 1174 1149 conserva
1198 1117 1303 1149 tacite.

935 1191 943 1198 .
972 1165 1059 1197 Deus
1083 1167 1195 1205 potens

1021 1211 1117 1244 verbo
1144 1214 1175 1243 et
1199 1219 1304 1251 opere,

976 1259 1075 1291 Omne
1098 1259 1228 1291 verbum

1021 1306 1095 1338 audi
1119 1306 1263 1339 sollicite.

941 1418 948 1425 .
974 1392 1046 1425 Jam
1070 1390 1150 1422 lucis
1175 1393 1244 1422 orto
1269 1389 1375 1421 sidere

1022 1438 1156 1477 Oportet
1179 1438 1314 1469 adorare

975 1485 1164 1517 Trinitatem
1189 1487 1219 1515 et
1245 1483 1385 1523 credere,

1024 1532 1120 1570 Quam
1147 1531 1235 1563 novit
1258 1530 1400 1562 revelare

977 1579 1109 1611 Gabriel
1133 1579 1248 1610 missus
1273 1577 1411 1617 aethere,

1020 1625 1157 1658 Mariam
1181 1626 1337 1663 salutare;

933 1699 940 1707 .
972 1674 1056 1706 Ecce
1080 1682 1164 1705 nunc
1189 1673 1257 1705 dies
1282 1672 1403 1713 salutis,

972 1721 1058 1753 Ecce
1080 1730 1172 1760 nova,
1200 1720 1240 1752 de
1264 1718 1394 1753 foedere

1020 1768 1106 1807 Quae
1130 1768 1216 1801 venit
1239 1766 1395 1800 nuntiare.

939 1881 946 1889 .
971 1854 1057 1886 Ecce
1080 1855 1249 1896 concipies,

1020 1901 1066 1932 ait
1089 1901 1219 1942 angelus

974 1948 1024 1980 Ad
1051 1956 1129 1988 eam,
1157 1950 1189 1979 et
1209 1947 1298 1987 virgo

1020 1995 1122 2027 Deum
1146 1995 1252 2034 paries

1069 2042 1148 2074 Olim
1175 2045 1282 2073 notum
1307 2041 1340 2072 in
1364 2041 1509 2082 Judeam,

972 2090 1062 2121 Tunc
1087 2090 1174 2121 dices
1198 2089 1308 2120 laudes
1333 2087 1461 2128 septies,

974 2137 1051 2169 Cum
1076 2140 1112 2169 ut
1137 2138 1312 2168 castrorum
1335 2136 1419 2166 acies

1020 2183 1153 2216 Gentem
1165 2182 1525 2223 disperdetHebraeam.

903 2233 942 2266 V.
970 2231 1046 2263 Fiat
1068 2231 1169 2263 virtus
1194 2239 1265 2262 mea
1288 2230 1385 2271 Deus,

975 2279 1031 2310 Vir
1054 2287 1141 2310 meus
1167 2281 1200 2309 et
1222 2280 1314 2310 notus
1339 2286 1426 2310 meus

1021 2326 1137 2358 Veniat
1159 2326 1192 2357 in
1219 2325 1404 2360 Nazaream.
