1650 2587
755 87 987 122 -71—

367 182 412 213 In
439 182 469 215 2.
497 183 711 222 vesperis.

439 256 634 293 Antiphonae.

239 315 269 348 1,
295 314 399 345 Adest
424 315 492 347 dies
519 315 669 355 laetitiae,

294 361 332 392 In
357 370 418 400 quo
442 361 539 394 Fides
564 363 763 395 sanctissima

295 407 487 440 Conscendit
511 410 655 441 thronum
682 411 802 449 gloriae

295 455 384 487 Inter
409 459 535 488 sanctos
559 456 741 488 laetissima.

239 521 269 552 2.
296 520 387 552 Haeo
412 524 461 553 est
475 522 584 564 FideS‚
611 531 691 561 quae
706 522 847 565 nescivit,

345 569 457 600 Virum
480 570 513 601 in
540 569 672 606 deliciis,

299 614 362 647 Sed
389 615 465 647 Jesu
491 616 615 648 Christo
641 615 756 648 fruitur

344 662 469 694 Sanctis
494 662 667 703 pudicitiis‚

296 709 439 741 Tandem
465 711 506 742 ad
533 710 636 742 coelos
660 711 788 742 transiit

344 757 467 789 Fruens
493 757 621 789 summis
646 757 780 798 gaudiis

238 824 268 856 3.
295 821 385 854 Haec
409 825 457 854 est
480 823 578 854 Fides
604 823 756 865 speciosa,

341 869 440 901 Plena
463 872 572 902 sancto
596 868 732 910 flamine,

295 916 392 955 Virgo
417 917 564 948 redolens
589 919 624 947 ut
648 926 730 956 rosa,

1019 184 1104 217 Mira
1128 184 1372 223 pulchritudine,

972 232 1067 264 Coelo
1092 231 1209 270 gaudet
1229 231 1406 270 jucundosa

1022 278 1098 310 Cum
1123 280 1302 309 sanctorum
1328 276 1460 318 agmine.

941 361 948 368 .
974 334 1091 366 Sancta
1114 332 1212 366 Fides
1237 335 1405 366 veneretur

1022 383 1051 413 A
1077 381 1196 413 cunctis
1221 380 1379 419 fidelibuS‚

976 429 1017 460 Et
1043 436 1136 460 verus
1161 428 1247 459 Deus
1269 429 1416 460 laudetur

1023 476 1061 508 ln
1086 475 1231 514 supernis
1256 475 1394 513 sedibus,

976 522 1019 554 Et
1042 521 1133 554 nobis
1158 522 1250 554 venia
1276 523 1368 553 detur

1024 569 1072 601 De
1097 569 1217 600 cunctis
1243 567 1433 602 criminibus

1093 633 1137 660 Ad
1158 633 1335 670 Magnificat.

976 683 1053 714 Post
1076 690 1198 714 sacrum
1225 682 1410 722 martyrium

975 729 1019 761 Et
1043 729 1146 761 dirum
1169 729 1359 768 supplicium

977 777 1095 808 Fertur
1119 776 1160 807 ad
1187 776 1334 807 coelestia

979 823 1075 863 Virgo
1100 821 1197 854 Fides
1224 823 1358 863 egregia,

979 870 1065 908 Quae
1089 870 1205 909 gaudet
1227 870 1260 900 in
1286 869 1473 901 coelestibus

978 916 1093 948 Juncta
1118 916 1196 947 coeli
1222 916 1350 948 civibus.

298 981 383 1007 Brev.
403 990 456 1008 ms.
478 981 644 1009 Cistercien.
665 981 769 1009 Gallie.
790 989 865 1009 saec.
886 978 962 1008 1³¹14.
984 980 1052 1008 Cod.
1074 980 1245 1009 Casanaten.
1266 981 1290 1008 B
1304 981 1346 1008 VI
1368 978 1402 1007 17
1424 978 1527 1015 (1191).

225 1018 289 1045 add.
312 1026 387 1045 saec.
409 1016 453 1046 14.
478 1033 515 1037 -—
539 1019 575 1046 In
597 1016 622 1045 1.
641 1019 730 1054 Vesp.
751 1019 788 1046 ad
805 1018 904 1053 Magn.
926 1016 957 1052 Α,
979 1017 995 1045 Ἷ
1016 1019 1085 1046 lies:
1104 1019 1202 1045 Maria
1222 1022 1313 1046 matre
1331 1019 1464 1053 virgine?

224 1056 260 1083 In
283 1053 306 1082 1.
325 1056 409 1083 Noct.
432 1054 453 1082 R
474 1054 506 1089 2,
535 1055 552 1084 5
572 1056 734 1093 Nitensque
753 1056 802 1083 hic
821 1057 904 1083 mira.
931 1072 967 1076 -—-
998 1054 1032 1083 In
1052 1054 1078 1083 2.
1099 1056 1182 1083 Noct.
1204 1055 1225 1080 Α
1248 1054 1273 1086 4,
1306 1055 1319 1083 1
1340 1059 1465 1083 roeonat.

228 1091 248 1119 R
270 1092 296 1126 3,
323 1091 341 1120 8
362 1094 488 1129 repletus
509 1102 615 1129 magna
634 1094 754 1122 invidia.
782 1109 816 1113 —
838 1091 858 1119 R
879 1091 905 1128 4,
933 1091 951 1121 3
972 1094 1120 1121 exaltavit.
1147 1108 1183 1111 —
1207 1094 1243 1121 In
1262 1091 1287 1123 3.
1311 1094 1394 1121 Nnct.
1416 1091 1435 1118 R
1458 1092 1484 1128 2,
1512 1092 1527 1120 1

226 1131 250 1158 Ο
265 1131 360 1159 Fides.
384 1146 418 1151 —
440 1129 460 1157 R
481 1130 507 1167 4,
529 1131 546 1159 9
566 1131 730 1159 Praevenit.
752 1148 756 1152 ·
786 1148 787 1151 =
807 1130 852 1159 Ad
868 1130 987 1159 Sextam
1007 1128 1038 1165 Α,
1062 1130 1076 1158 1
1096 1131 1132 1158 In
1152 1133 1245 1158 rector
1264 1134 1375 1167 potens.
1395 1146 1433 1150 —
1452 1131 1527 1159 Ibid.

225 1167 242 1195 2
263 1170 350 1197 beata
368 1169 454 1197 Fides
475 1170 643 1198 celebretur.

658 1251 706 1282 24.
746 1250 788 1282 De
809 1251 916 1283 saneto
936 1251 1098 1282 Floseello.

370 1322 415 1354 In
443 1323 472 1355 1.
502 1322 720 1361 vesperis.

415 1387 461 1414 Ad
479 1385 658 1423 Magnificat.

226 1436 267 1467 A.
298 1435 361 1466 Hic
386 1438 507 1475 martyr
531 1435 661 1466 multum

344 1482 435 1514 nobis
459 1491 549 1514 sacer
572 1484 619 1513 est
636 1482 847 1523 honorandus,

298 1529 401 1560 Almis
426 1529 602 1561 Floscellus

344 1576 465 1607 meritis
475 1575 532 1608 flos
538 1584 669 1616 magnus
676 1575 849 1615 habendus,

299 1623 357 1662 Qui
382 1622 474 1655 floret
498 1626 585 1655 terra

344 1670 486 1710 coelique
509 1669 603 1702 floret
627 1670 658 1701 in
684 1670 766 1703 aula.

921 1322 950 1353 2.
973 1321 1042 1353 Jam
1069 1329 1149 1360 puer
1174 1329 1315 1363 egreglus

1025 1368 1199 1407 praeclaris
1224 1368 1367 1407 patribus
1389 1370 1475 1399 ortus

980 1414 1135 1454 Baptismi
1162 1415 1276 1446 donum

1025 1462 1202 1495 Floscellus
1215 1470 1320 1501 sumpe
1326 1463 1393 1493 era-t
1401 1461 1528 1495 almum.

920 1529 950 1560 3.
977 1528 1132 1560 Doctrina
1156 1528 1267 1567 plenus¹

1026 1574 1195 1607 virtutibus
1220 1577 1314 1614 atque
1337 1583 1484 1606 coruscus

979 1621 1174 1654 Hortabatur
1200 1630 1262 1662 eos,

1026 1668 1156 1710 fragiles
1181 1677 1257 1708 quos
1282 1668 1506 1708 perspiciebat,

979 1716 1025 1749 Ob
1053 1715 1169 1749 Christi
1192 1724 1306 1747 nomen

359 1756 420 1788 Ad
445 1755 713 1789 Matutinum·
1025 1765 1186 1804 gratanter
1211 1771 1329 1803 ponere
1355 1762 1459 1796 vitam.

430 1821 647 1850 Invitatorium.

295 1870 413 1911 Regem
438 1871 595 1903 sidereum

344 1918 508 1951 laudemus
534 1917 672 1949 carmine
699 1917 836 1957 dignum,

297 1966 359 1997 Per
384 1974 474 2005 quem
499 1964 674 1997 Floscellus

345 2012 430 2044 claro
458 2012 636 2044 diademate
662 2011 773 2051 fulget.

1116 1847 1321 1882 Responsoria.

922 1906 953 1937 1.
980 1907 1113 1938 Praeses
1138 1907 1175 1936 ut
1198 1905 1330 1945 audivit,

1024 1952 1215 1985 Floscellum
1241 1953 1371 1984 credere
1396 1952 1532 1994 Christo,

977 2000 1160 2032 Adductum
1185 2000 1292 2031 verbis

1027 2045 1192 2079 confestim
1218 2047 1326 2086 pulsat
1350 2047 1477 2086 amaris,

907 2094 945 2128 V.
978 2094 1123 2134 Respuat
1144 2096 1180 2125 ut
1205 2096 1346 2125 sanctum

1027 2140 1145 2174 Christi
1174 2149 1232 2180 per
1256 2142 1382 2173 saecula
1410 2150 1533 2175 nomen.

350 2097 399 2129 In
425 2097 455 2130 1.
482 2096 711 2129 Nocturno.

440 2161 633 2198 Antiphonae.

239 2214 269 2246 1.
297 2212 430 2244 Praeses
455 2211 629 2249 sacrilegus

341 2258 500 2299 perdebat
525 2257 710 2290 Valerianus

297 2305 502 2339 Christicolas
526 2305 686 2337 Antonino

345 2354 487 2389 dictante
510 2355 656 2394 tyranno.

921 2210 951 2242 2.
979 2207 1112 2241 Inclitus
1137 2215 1176 2238 ac
1196 2207 1321 2247 juvenis

1029 2255 1134 2287 divino
1157 2255 1285 2286 numine
1310 2257 1430 2288 mactus

981 2301 1139 2334 Praefecti
1163 2301 1283 2341 liquido

1029 2350 1226 2383 demonstrat
1248 2349 1358 2383 inania
1379 2350 1479 2391 jussu,
