<?xml version="1.0" encoding="UTF-8"?>
<!DOCTYPE html PUBLIC "-//W3C//DTD XHTML 1.0 Transitional//EN"
    "http://www.w3.org/TR/xhtml1/DTD/xhtml1-transitional.dtd">
<html xmlns="http://www.w3.org/1999/xhtml" xml:lang="en" lang="en">
 <head>
  <title>
</title>
<meta http-equiv="Content-Type" content="text/html;charset=utf-8" />
  <meta name='ocr-system' content='tesseract 3.04.00' />
  <meta name='ocr-capabilities' content='ocr_page ocr_carea ocr_par ocr_line ocrx_word'/>
</head>
<body>
  <div class='ocr_page' id='page_1' title='image "./analectahymnica18drevuoft_00171.png"; bbox 0 0 1651 2588; ppageno 0'>
   <div class='ocr_carea' id='block_1_1' title="bbox 721 101 975 136">
    <p class='ocr_par' dir='ltr' id='par_1_1' title="bbox 721 101 975 136">
     <span class='ocr_line' id='line_1_1' title="bbox 721 101 975 136; baseline -0.008 0"><span class='ocrx_word' id='word_1_1' title='bbox 721 101 975 136; x_wconf 83' lang='lat'>-168-</span> 
     </span>
    </p>
   </div>
   <div class='ocr_carea' id='block_1_2' title="bbox 216 198 732 378">
    <p class='ocr_par' dir='ltr' id='par_1_2' title="bbox 216 198 732 378">
     <span class='ocr_line' id='line_1_2' title="bbox 216 198 706 239; baseline -0.008 -7"><span class='ocrx_word' id='word_1_2' title='bbox 216 201 247 232; x_wconf 88' lang='lat'>6.</span> <span class='ocrx_word' id='word_1_3' title='bbox 272 198 449 230; x_wconf 82' lang='lat' dir='ltr'>Literarum</span> <span class='ocrx_word' id='word_1_4' title='bbox 473 198 706 239; x_wconf 80' lang='lat' dir='ltr'>praepollentes</span> 
     </span>
     <span class='ocr_line' id='line_1_3' title="bbox 319 243 659 287; baseline 0 -12"><span class='ocrx_word' id='word_1_5' title='bbox 319 247 351 275; x_wconf 86' lang='lat' dir='ltr'>et</span> <span class='ocrx_word' id='word_1_6' title='bbox 372 243 519 277; x_wconf 82' lang='lat' dir='ltr'>virtutum</span> <span class='ocrx_word' id='word_1_7' title='bbox 545 245 659 287; x_wconf 84' lang='lat' dir='ltr'>studio,</span> 
     </span>
     <span class='ocr_line' id='line_1_4' title="bbox 274 290 732 329; baseline -0.004 -7"><span class='ocrx_word' id='word_1_8' title='bbox 274 291 351 323; x_wconf 85' lang='lat' dir='ltr'>Mox</span> <span class='ocrx_word' id='word_1_9' title='bbox 377 291 540 324; x_wconf 83' lang='lat' dir='ltr'>doctrinae</span> <span class='ocrx_word' id='word_1_10' title='bbox 563 291 642 323; x_wconf 88' lang='lat' dir='ltr'>fiunt</span> <span class='ocrx_word' id='word_1_11' title='bbox 666 290 732 329; x_wconf 83' lang='lat' dir='ltr'>apti</span> 
     </span>
     <span class='ocr_line' id='line_1_5' title="bbox 319 338 654 378; baseline -0.003 -9"><span class='ocrx_word' id='word_1_12' title='bbox 319 338 412 369; x_wconf 88' lang='lat' dir='ltr'>simul</span> <span class='ocrx_word' id='word_1_13' title='bbox 438 341 469 371; x_wconf 89' lang='lat' dir='ltr'>et</span> <span class='ocrx_word' id='word_1_14' title='bbox 492 338 654 378; x_wconf 63' lang='lat' dir='ltr'>martyrio</span> 
     </span>
    </p>
   </div>
   <div class='ocr_carea' id='block_1_3' title="bbox 334 467 688 501">
    <p class='ocr_par' dir='ltr' id='par_1_3' title="bbox 334 467 688 501">
     <span class='ocr_line' id='line_1_6' title="bbox 334 467 688 501; baseline 0.003 -2"><span class='ocrx_word' id='word_1_15' title='bbox 334 468 380 499; x_wconf 88' lang='lat' dir='ltr'>In</span> <span class='ocrx_word' id='word_1_16' title='bbox 407 469 437 501; x_wconf 86' lang='lat'>2.</span> <span class='ocrx_word' id='word_1_17' title='bbox 460 467 688 500; x_wconf 85' lang='lat' dir='ltr'>NocturnO.</span> 
     </span>
    </p>
   </div>
   <div class='ocr_carea' id='block_1_4' title="bbox 413 550 607 585">
    <p class='ocr_par' dir='ltr' id='par_1_4' title="bbox 413 550 607 585">
     <span class='ocr_line' id='line_1_7' title="bbox 413 550 607 585; baseline -0.005 -8"><span class='ocrx_word' id='word_1_18' title='bbox 413 550 607 585; x_wconf 85' lang='lat' dir='ltr'>Antiphonae.</span> 
     </span>
    </p>
   </div>
   <div class='ocr_carea' id='block_1_5' title="bbox 215 617 713 798">
    <p class='ocr_par' dir='ltr' id='par_1_5' title="bbox 215 617 713 798">
     <span class='ocr_line' id='line_1_8' title="bbox 215 617 461 650; baseline -0.012 0"><span class='ocrx_word' id='word_1_19' title='bbox 215 618 246 650; x_wconf 84' lang='lat'>1.</span> <span class='ocrx_word' id='word_1_20' title='bbox 271 617 461 649; x_wconf 82' lang='lat' dir='ltr'>Dilaceratis</span> 
     </span>
     <span class='ocr_line' id='line_1_9' title="bbox 318 662 713 704; baseline -0.005 -8"><span class='ocrx_word' id='word_1_21' title='bbox 318 667 412 704; x_wconf 85' lang='lat' dir='ltr'>atque</span> <span class='ocrx_word' id='word_1_22' title='bbox 438 662 535 696; x_wconf 79' lang='lat' dir='ltr'>caesis</span> <span class='ocrx_word' id='word_1_23' title='bbox 561 662 713 695; x_wconf 83' lang='lat' dir='ltr'>fratribus</span> 
     </span>
     <span class='ocr_line' id='line_1_10' title="bbox 267 711 552 751; baseline -0.007 -8"><span class='ocrx_word' id='word_1_24' title='bbox 267 711 437 743; x_wconf 89' lang='lat' dir='ltr'>Proconsul</span> <span class='ocrx_word' id='word_1_25' title='bbox 463 711 552 751; x_wconf 80' lang='lat' dir='ltr'>parci</span> 
     </span>
     <span class='ocr_line' id='line_1_11' title="bbox 317 757 690 798; baseline -0.003 -9"><span class='ocrx_word' id='word_1_26' title='bbox 317 758 479 798; x_wconf 85' lang='lat' dir='ltr'>praecepit</span> <span class='ocrx_word' id='word_1_27' title='bbox 502 757 690 789; x_wconf 78' lang='lat' dir='ltr'>nolentibus.</span> 
     </span>
    </p>
   </div>
   <div class='ocr_carea' id='block_1_6' title="bbox 212 823 656 997">
    <p class='ocr_par' dir='ltr' id='par_1_6' title="bbox 212 823 656 997">
     <span class='ocr_line' id='line_1_12' title="bbox 212 823 528 857; baseline 0 -1"><span class='ocrx_word' id='word_1_28' title='bbox 212 825 244 857; x_wconf 85' lang='lat'>2.</span> <span class='ocrx_word' id='word_1_29' title='bbox 268 824 354 856; x_wconf 85' lang='lat' dir='ltr'>Mori</span> <span class='ocrx_word' id='word_1_30' title='bbox 379 823 528 856; x_wconf 81' lang='lat' dir='ltr'>nolebant</span> 
     </span>
     <span class='ocr_line' id='line_1_13' title="bbox 317 870 656 910; baseline -0.006 -7"><span class='ocrx_word' id='word_1_31' title='bbox 317 879 376 903; x_wconf 85' lang='lat' dir='ltr'>nec</span> <span class='ocrx_word' id='word_1_32' title='bbox 402 870 536 903; x_wconf 82' lang='lat' dir='ltr'>dabatur</span> <span class='ocrx_word' id='word_1_33' title='bbox 560 870 656 910; x_wconf 89' lang='lat' dir='ltr'>optio,</span> 
     </span>
     <span class='ocr_line' id='line_1_14' title="bbox 270 918 535 951; baseline -0.008 0"><span class='ocrx_word' id='word_1_34' title='bbox 270 918 314 951; x_wconf 90' lang='lat' dir='ltr'>Ut</span> <span class='ocrx_word' id='word_1_35' title='bbox 338 918 535 949; x_wconf 79' lang='lat' dir='ltr'>immolarent</span> 
     </span>
     <span class='ocr_line' id='line_1_15' title="bbox 317 964 598 997; baseline 0.004 -1"><span class='ocrx_word' id='word_1_36' title='bbox 317 964 384 996; x_wconf 90' lang='lat' dir='ltr'>Deo</span> <span class='ocrx_word' id='word_1_37' title='bbox 405 964 598 997; x_wconf 85' lang='lat' dir='ltr'>Vestorosio.</span> 
     </span>
    </p>
   </div>
   <div class='ocr_carea' id='block_1_7' title="bbox 213 1030 711 1209">
    <p class='ocr_par' dir='ltr' id='par_1_7' title="bbox 213 1030 711 1209">
     <span class='ocr_line' id='line_1_16' title="bbox 213 1030 476 1063; baseline -0.004 -1"><span class='ocrx_word' id='word_1_38' title='bbox 213 1031 242 1062; x_wconf 87' lang='lat'>3.</span> <span class='ocrx_word' id='word_1_39' title='bbox 270 1030 368 1063; x_wconf 83' lang='lat' dir='ltr'>Jubet</span> <span class='ocrx_word' id='word_1_40' title='bbox 389 1030 476 1061; x_wconf 79' lang='lat' dir='ltr'>litari</span> 
     </span>
     <span class='ocr_line' id='line_1_17' title="bbox 314 1076 656 1116; baseline -0.009 -8"><span class='ocrx_word' id='word_1_41' title='bbox 314 1077 422 1116; x_wconf 73' lang='lat' dir='ltr'>judeX,</span> <span class='ocrx_word' id='word_1_42' title='bbox 447 1076 496 1108; x_wconf 88' lang='lat' dir='ltr'>illi</span> <span class='ocrx_word' id='word_1_43' title='bbox 520 1078 656 1108; x_wconf 82' lang='lat' dir='ltr'>renuunt</span> 
     </span>
     <span class='ocr_line' id='line_1_18' title="bbox 271 1123 585 1163; baseline 0 -9"><span class='ocrx_word' id='word_1_44' title='bbox 271 1125 376 1163; x_wconf 83' lang='lat' dir='ltr'>Atque</span> <span class='ocrx_word' id='word_1_45' title='bbox 401 1123 475 1154; x_wconf 85' lang='lat' dir='ltr'>deos</span> <span class='ocrx_word' id='word_1_46' title='bbox 501 1124 585 1154; x_wconf 89' lang='lat' dir='ltr'>omni</span> 
     </span>
     <span class='ocr_line' id='line_1_19' title="bbox 315 1168 711 1209; baseline 0 -8"><span class='ocrx_word' id='word_1_47' title='bbox 315 1178 409 1209; x_wconf 88' lang='lat' dir='ltr'>posse</span> <span class='ocrx_word' id='word_1_48' title='bbox 434 1178 542 1201; x_wconf 86' lang='lat' dir='ltr'>carere</span> <span class='ocrx_word' id='word_1_49' title='bbox 565 1168 711 1209; x_wconf 84' lang='lat' dir='ltr'>probant.</span> 
     </span>
    </p>
   </div>
   <div class='ocr_carea' id='block_1_8' title="bbox 211 1235 681 1415">
    <p class='ocr_par' dir='ltr' id='par_1_8' title="bbox 211 1235 681 1415">
     <span class='ocr_line' id='line_1_20' title="bbox 211 1235 518 1269; baseline -0.01 0"><span class='ocrx_word' id='word_1_50' title='bbox 211 1238 243 1269; x_wconf 86' lang='lat'>4.</span> <span class='ocrx_word' id='word_1_51' title='bbox 268 1235 385 1266; x_wconf 88' lang='lat' dir='ltr'>Volens</span> <span class='ocrx_word' id='word_1_52' title='bbox 408 1235 518 1267; x_wconf 87' lang='lat' dir='ltr'>ulcisci</span> 
     </span>
     <span class='ocr_line' id='line_1_21' title="bbox 313 1282 652 1321; baseline -0.003 -8"><span class='ocrx_word' id='word_1_53' title='bbox 313 1283 412 1321; x_wconf 85' lang='lat' dir='ltr'>judex</span> <span class='ocrx_word' id='word_1_54' title='bbox 438 1282 652 1313; x_wconf 86' lang='lat' dir='ltr'>Vestorosium</span> 
     </span>
     <span class='ocr_line' id='line_1_22' title="bbox 272 1329 540 1361; baseline -0.004 0"><span class='ocrx_word' id='word_1_55' title='bbox 272 1329 391 1361; x_wconf 83' lang='lat' dir='ltr'>Jactari</span> <span class='ocrx_word' id='word_1_56' title='bbox 416 1332 540 1360; x_wconf 87' lang='lat' dir='ltr'>sanctos</span> 
     </span>
     <span class='ocr_line' id='line_1_23' title="bbox 315 1375 681 1415; baseline -0.003 -9"><span class='ocrx_word' id='word_1_57' title='bbox 315 1376 411 1415; x_wconf 84' lang='lat' dir='ltr'>jussit</span> <span class='ocrx_word' id='word_1_58' title='bbox 434 1375 468 1407; x_wconf 88' lang='lat' dir='ltr'>in</span> <span class='ocrx_word' id='word_1_59' title='bbox 492 1375 681 1407; x_wconf 90' lang='lat' dir='ltr'>incendium.</span> 
     </span>
    </p>
   </div>
   <div class='ocr_carea' id='block_1_9' title="bbox 215 1441 636 1613">
    <p class='ocr_par' dir='ltr' id='par_1_9' title="bbox 215 1441 636 1613">
     <span class='ocr_line' id='line_1_24' title="bbox 215 1441 545 1482; baseline -0.006 -9"><span class='ocrx_word' id='word_1_60' title='bbox 215 1444 245 1474; x_wconf 89' lang='lat'>5.</span> <span class='ocrx_word' id='word_1_61' title='bbox 271 1441 451 1480; x_wconf 82' lang='lat' dir='ltr'>Assumptis</span> <span class='ocrx_word' id='word_1_62' title='bbox 473 1442 545 1482; x_wconf 85' lang='lat' dir='ltr'>igne</span> 
     </span>
     <span class='ocr_line' id='line_1_25' title="bbox 317 1488 620 1519; baseline -0.003 0"><span class='ocrx_word' id='word_1_63' title='bbox 317 1489 423 1519; x_wconf 86' lang='lat' dir='ltr'>multis</span> <span class='ocrx_word' id='word_1_64' title='bbox 449 1491 479 1519; x_wconf 85' lang='lat' dir='ltr'>et</span> <span class='ocrx_word' id='word_1_65' title='bbox 503 1488 620 1519; x_wconf 82' lang='lat' dir='ltr'>Vitalio</span> 
     </span>
     <span class='ocr_line' id='line_1_26' title="bbox 273 1534 586 1566; baseline -0.003 0"><span class='ocrx_word' id='word_1_66' title='bbox 273 1534 458 1566; x_wconf 85' lang='lat' dir='ltr'>Sanctorum</span> <span class='ocrx_word' id='word_1_67' title='bbox 482 1538 586 1566; x_wconf 88' lang='lat' dir='ltr'>vestes</span> 
     </span>
     <span class='ocr_line' id='line_1_27' title="bbox 318 1581 636 1613; baseline -0.003 -1"><span class='ocrx_word' id='word_1_68' title='bbox 318 1590 377 1612; x_wconf 87' lang='lat' dir='ltr'>nec</span> <span class='ocrx_word' id='word_1_69' title='bbox 399 1582 522 1613; x_wconf 78' lang='lat' dir='ltr'>notavit</span> <span class='ocrx_word' id='word_1_70' title='bbox 544 1581 636 1612; x_wconf 85' lang='lat' dir='ltr'>ustio.</span> 
     </span>
    </p>
   </div>
   <div class='ocr_carea' id='block_1_10' title="bbox 212 1647 683 1825">
    <p class='ocr_par' dir='ltr' id='par_1_10' title="bbox 212 1647 683 1825">
     <span class='ocr_line' id='line_1_28' title="bbox 212 1647 591 1686; baseline -0.013 -6"><span class='ocrx_word' id='word_1_71' title='bbox 212 1649 243 1680; x_wconf 87' lang='grc'>6.</span> <span class='ocrx_word' id='word_1_72' title='bbox 267 1647 470 1686; x_wconf 77' lang='lat' dir='ltr'>Franguntur</span> <span class='ocrx_word' id='word_1_73' title='bbox 494 1649 591 1684; x_wconf 84' lang='lat' dir='ltr'>rotae,</span> 
     </span>
     <span class='ocr_line' id='line_1_29' title="bbox 315 1692 650 1733; baseline -0.003 -10"><span class='ocrx_word' id='word_1_74' title='bbox 315 1693 498 1733; x_wconf 79' lang='lat' dir='ltr'>mitigantur</span> <span class='ocrx_word' id='word_1_75' title='bbox 521 1692 650 1731; x_wconf 84' lang='lat' dir='ltr'>bestiae,</span> 
     </span>
     <span class='ocr_line' id='line_1_30' title="bbox 269 1740 506 1771; baseline -0.004 0"><span class='ocrx_word' id='word_1_76' title='bbox 269 1740 384 1771; x_wconf 81' lang='lat' dir='ltr'>Divino</span> <span class='ocrx_word' id='word_1_77' title='bbox 405 1740 506 1771; x_wconf 79' lang='lat' dir='ltr'>sancti</span> 
     </span>
     <span class='ocr_line' id='line_1_31' title="bbox 315 1789 683 1825; baseline -0.005 -8"><span class='ocrx_word' id='word_1_78' title='bbox 315 1789 522 1825; x_wconf 85' lang='lat' dir='ltr'>proteguntur</span> <span class='ocrx_word' id='word_1_79' title='bbox 546 1793 683 1816; x_wconf 86' lang='lat' dir='ltr'>munere.</span> 
     </span>
    </p>
   </div>
   <div class='ocr_carea' id='block_1_11' title="bbox 328 1916 683 1949">
    <p class='ocr_par' dir='ltr' id='par_1_11' title="bbox 328 1916 683 1949">
     <span class='ocr_line' id='line_1_32' title="bbox 328 1916 683 1949; baseline -0.006 -1"><span class='ocrx_word' id='word_1_80' title='bbox 328 1916 375 1948; x_wconf 86' lang='lat' dir='ltr'>In</span> <span class='ocrx_word' id='word_1_81' title='bbox 401 1918 431 1949; x_wconf 87' lang='lat'>3.</span> <span class='ocrx_word' id='word_1_82' title='bbox 458 1917 683 1948; x_wconf 85' lang='lat' dir='ltr'>Nocturno.</span> 
     </span>
    </p>
   </div>
   <div class='ocr_carea' id='block_1_12' title="bbox 433 1989 588 2018">
    <p class='ocr_par' dir='ltr' id='par_1_12' title="bbox 433 1989 588 2018">
     <span class='ocr_line' id='line_1_33' title="bbox 433 1989 588 2018; baseline 0.006 -2"><span class='ocrx_word' id='word_1_83' title='bbox 433 1989 588 2018; x_wconf 83' lang='lat' dir='ltr'>Prnsellus.</span> 
     </span>
    </p>
   </div>
   <div class='ocr_carea' id='block_1_13' title="bbox 214 2058 625 2238">
    <p class='ocr_par' dir='ltr' id='par_1_13' title="bbox 214 2058 625 2238">
     <span class='ocr_line' id='line_1_34' title="bbox 214 2058 459 2099; baseline -0.012 -8"><span class='ocrx_word' id='word_1_84' title='bbox 214 2059 244 2091; x_wconf 87' lang='lat'>1.</span> <span class='ocrx_word' id='word_1_85' title='bbox 269 2058 459 2099; x_wconf 81' lang='lat' dir='ltr'>Martyrum,</span> 
     </span>
     <span class='ocr_line' id='line_1_35' title="bbox 316 2105 611 2144; baseline 0 -7"><span class='ocrx_word' id='word_1_86' title='bbox 316 2105 449 2144; x_wconf 85' lang='lat' dir='ltr'>Christe,</span> <span class='ocrx_word' id='word_1_87' title='bbox 478 2105 611 2137; x_wconf 78' lang='lat' dir='ltr'>victoria</span> 
     </span>
     <span class='ocr_line' id='line_1_36' title="bbox 268 2152 399 2191; baseline -0.008 -7"><span class='ocrx_word' id='word_1_88' title='bbox 268 2152 399 2191; x_wconf 86' lang='lat' dir='ltr'>Suscipe</span> 
     </span>
     <span class='ocr_line' id='line_1_37' title="bbox 314 2199 625 2238; baseline 0.003 -8"><span class='ocrx_word' id='word_1_89' title='bbox 314 2202 422 2231; x_wconf 81' lang='lat' dir='ltr'>nostra</span> <span class='ocrx_word' id='word_1_90' title='bbox 445 2199 625 2238; x_wconf 81' lang='lat' dir='ltr'>praeconia.</span> 
     </span>
    </p>
   </div>
   <div class='ocr_carea' id='block_1_14' title="bbox 892 206 924 238">
    <p class='ocr_par' dir='ltr' id='par_1_14' title="bbox 892 206 924 238">
     <span class='ocr_line' id='line_1_38' title="bbox 892 206 924 238; baseline 0.063 -2"><span class='ocrx_word' id='word_1_91' title='bbox 892 206 924 238; x_wconf 89' lang='lat'>2.</span> 
     </span>
    </p>
   </div>
   <div class='ocr_carea' id='block_1_15' title="bbox 949 205 1256 376">
    <p class='ocr_par' dir='ltr' id='par_1_15' title="bbox 949 205 1256 376">
     <span class='ocr_line' id='line_1_39' title="bbox 949 205 1156 245; baseline 0 -10"><span class='ocrx_word' id='word_1_92' title='bbox 949 205 1022 236; x_wconf 87' lang='lat' dir='ltr'>Tibi</span> <span class='ocrx_word' id='word_1_93' title='bbox 1043 205 1156 245; x_wconf 79' lang='lat' dir='ltr'>jungas</span> 
     </span>
     <span class='ocr_line' id='line_1_40' title="bbox 994 250 1233 291; baseline -0.004 -9"><span class='ocrx_word' id='word_1_94' title='bbox 994 260 1051 282; x_wconf 90' lang='lat' dir='ltr'>nos</span> <span class='ocrx_word' id='word_1_95' title='bbox 1075 251 1107 281; x_wconf 88' lang='lat' dir='ltr'>in</span> <span class='ocrx_word' id='word_1_96' title='bbox 1132 250 1233 291; x_wconf 84' lang='lat' dir='ltr'>gloria</span> 
     </span>
     <span class='ocr_line' id='line_1_41' title="bbox 949 296 1215 329; baseline -0.004 -1"><span class='ocrx_word' id='word_1_97' title='bbox 949 297 1057 329; x_wconf 89' lang='lat' dir='ltr'>Dulcis</span> <span class='ocrx_word' id='word_1_98' title='bbox 1082 296 1215 328; x_wconf 83' lang='lat' dir='ltr'>fratrum</span> 
     </span>
     <span class='ocr_line' id='line_1_42' title="bbox 995 343 1256 376; baseline -0.004 -1"><span class='ocrx_word' id='word_1_99' title='bbox 995 344 1074 376; x_wconf 85' lang='lat' dir='ltr'>haec</span> <span class='ocrx_word' id='word_1_100' title='bbox 1097 343 1256 375; x_wconf 77' lang='lat' dir='ltr'>memoria.</span> 
     </span>
    </p>
   </div>
   <div class='ocr_carea' id='block_1_16' title="bbox 914 399 1161 439">
    <p class='ocr_par' dir='ltr' id='par_1_16' title="bbox 914 399 1161 439">
     <span class='ocr_line' id='line_1_43' title="bbox 914 399 1161 439; baseline 0.004 -8"><span class='ocrx_word' id='word_1_101' title='bbox 914 423 923 431; x_wconf 94' lang='lat'><strong>.</strong></span> <span class='ocrx_word' id='word_1_102' title='bbox 947 400 1008 439; x_wconf 80' lang='lat' dir='ltr'>Qui</span> <span class='ocrx_word' id='word_1_103' title='bbox 1027 408 1087 439; x_wconf 84' lang='lat' dir='ltr'>pro</span> <span class='ocrx_word' id='word_1_104' title='bbox 1114 399 1161 432; x_wconf 84' lang='lat' dir='ltr'>tui</span> 
     </span>
    </p>
   </div>
   <div class='ocr_carea' id='block_1_17' title="bbox 946 444 1314 578">
    <p class='ocr_par' dir='ltr' id='par_1_17' title="bbox 946 444 1314 578">
     <span class='ocr_line' id='line_1_44' title="bbox 995 444 1300 485; baseline -0.01 -7"><span class='ocrx_word' id='word_1_105' title='bbox 995 446 1132 478; x_wconf 88' lang='lat' dir='ltr'>nominis</span> <span class='ocrx_word' id='word_1_106' title='bbox 1156 444 1300 485; x_wconf 85' lang='lat' dir='ltr'>potentia</span> 
     </span>
     <span class='ocr_line' id='line_1_45' title="bbox 946 493 1141 526; baseline -0.01 0"><span class='ocrx_word' id='word_1_107' title='bbox 946 493 1141 526; x_wconf 80' lang='lat' dir='ltr'>Obtruncata</span> 
     </span>
     <span class='ocr_line' id='line_1_46' title="bbox 996 538 1314 578; baseline -0.013 -6"><span class='ocrx_word' id='word_1_108' title='bbox 996 549 1053 572; x_wconf 82' lang='lat' dir='ltr'>sua</span> <span class='ocrx_word' id='word_1_109' title='bbox 1077 538 1184 571; x_wconf 86' lang='lat' dir='ltr'>ferunt</span> <span class='ocrx_word' id='word_1_110' title='bbox 1209 538 1314 578; x_wconf 81' lang='lat' dir='ltr'>capita</span> 
     </span>
    </p>
   </div>
   <div class='ocr_carea' id='block_1_18' title="bbox 949 595 1253 628">
    <p class='ocr_par' dir='ltr' id='par_1_18' title="bbox 949 595 1253 628">
     <span class='ocr_line' id='line_1_47' title="bbox 949 595 1253 628; baseline -0.003 0"><span class='ocrx_word' id='word_1_111' title='bbox 949 596 1002 628; x_wconf 86' lang='lat' dir='ltr'>Ad</span> <span class='ocrx_word' id='word_1_112' title='bbox 1026 595 1253 627; x_wconf 83' lang='lat' dir='ltr'>tumulandum.</span> 
     </span>
    </p>
   </div>
   <div class='ocr_carea' id='block_1_19' title="bbox 1038 697 1336 799">
    <p class='ocr_par' dir='ltr' id='par_1_19' title="bbox 1038 697 1336 799">
     <span class='ocr_line' id='line_1_48' title="bbox 1038 697 1336 731; baseline 0 0"><span class='ocrx_word' id='word_1_113' title='bbox 1038 699 1055 731; x_wconf 90' lang='lat' dir='ltr'>I</span> <span class='ocrx_word' id='word_1_114' title='bbox 1064 708 1084 730; x_wconf 87' lang='lat' dir='ltr'>n</span> <span class='ocrx_word' id='word_1_115' title='bbox 1109 699 1137 731; x_wconf 90' lang='lat' dir='ltr'>L</span> <span class='ocrx_word' id='word_1_116' title='bbox 1146 708 1193 731; x_wconf 84' lang='lat' dir='ltr'>au</span> <span class='ocrx_word' id='word_1_117' title='bbox 1203 699 1243 731; x_wconf 86' lang='lat' dir='ltr'>di</span> <span class='ocrx_word' id='word_1_118' title='bbox 1253 697 1271 729; x_wconf 92' lang='lat' dir='ltr'>b</span> <span class='ocrx_word' id='word_1_119' title='bbox 1281 707 1302 729; x_wconf 95' lang='lat' dir='ltr'>u</span> <span class='ocrx_word' id='word_1_120' title='bbox 1310 707 1336 731; x_wconf 82' lang='lat' dir='ltr'>S.</span> 
     </span>
     <span class='ocr_line' id='line_1_49' title="bbox 1094 763 1287 799; baseline -0.005 -8"><span class='ocrx_word' id='word_1_121' title='bbox 1094 763 1287 799; x_wconf 78' lang='lat' dir='ltr'>Antiphonae.</span> 
     </span>
    </p>
   </div>
   <div class='ocr_carea' id='block_1_20' title="bbox 914 821 1261 855">
    <p class='ocr_par' dir='ltr' id='par_1_20' title="bbox 914 821 1261 855">
     <span class='ocr_line' id='line_1_50' title="bbox 914 821 1261 855; baseline -0.009 0"><span class='ocrx_word' id='word_1_122' title='bbox 914 848 921 855; x_wconf 96' lang='lat'>.</span> <span class='ocrx_word' id='word_1_123' title='bbox 948 821 1135 853; x_wconf 81' lang='lat' dir='ltr'>Accelerant</span> <span class='ocrx_word' id='word_1_124' title='bbox 1160 821 1261 852; x_wconf 82' lang='lat' dir='ltr'>sancti</span> 
     </span>
    </p>
   </div>
   <div class='ocr_carea' id='block_1_21' title="bbox 949 867 1466 995">
    <p class='ocr_par' dir='ltr' id='par_1_21' title="bbox 949 867 1466 995">
     <span class='ocr_line' id='line_1_51' title="bbox 994 867 1466 911; baseline -0.002 -11"><span class='ocrx_word' id='word_1_125' title='bbox 994 867 1153 908; x_wconf 83' lang='lat' dir='ltr'>patefacto</span> <span class='ocrx_word' id='word_1_126' title='bbox 1178 868 1302 907; x_wconf 83' lang='lat' dir='ltr'>pariete</span> <span class='ocrx_word' id='word_1_127' title='bbox 1326 867 1466 911; x_wconf 82' lang='lat' dir='ltr'>claustri,</span> 
     </span>
     <span class='ocr_line' id='line_1_52' title="bbox 949 915 1292 948; baseline -0.003 -1"><span class='ocrx_word' id='word_1_128' title='bbox 949 916 1088 948; x_wconf 88' lang='lat' dir='ltr'>Goelitus</span> <span class='ocrx_word' id='word_1_129' title='bbox 1113 918 1149 947; x_wconf 89' lang='lat' dir='ltr'>ut</span> <span class='ocrx_word' id='word_1_130' title='bbox 1174 915 1292 947; x_wconf 87' lang='lat' dir='ltr'>dictum</span> 
     </span>
     <span class='ocr_line' id='line_1_53' title="bbox 996 962 1273 995; baseline 0 -2"><span class='ocrx_word' id='word_1_131' title='bbox 996 962 1179 995; x_wconf 85' lang='lat' dir='ltr'>conficiatur</span> <span class='ocrx_word' id='word_1_132' title='bbox 1202 962 1273 993; x_wconf 85' lang='lat' dir='ltr'>iter.</span> 
     </span>
    </p>
   </div>
   <div class='ocr_carea' id='block_1_22' title="bbox 918 1018 1282 1057">
    <p class='ocr_par' dir='ltr' id='par_1_22' title="bbox 918 1018 1282 1057">
     <span class='ocr_line' id='line_1_54' title="bbox 918 1018 1282 1057; baseline -0.005 -6"><span class='ocrx_word' id='word_1_133' title='bbox 918 1045 925 1051; x_wconf 94' lang='lat'>.</span> <span class='ocrx_word' id='word_1_134' title='bbox 953 1019 1027 1050; x_wconf 85' lang='lat' dir='ltr'>Vita</span> <span class='ocrx_word' id='word_1_135' title='bbox 1051 1019 1152 1050; x_wconf 88' lang='lat' dir='ltr'>tribus</span> <span class='ocrx_word' id='word_1_136' title='bbox 1177 1018 1282 1057; x_wconf 86' lang='lat' dir='ltr'>rediit,</span> 
     </span>
    </p>
   </div>
   <div class='ocr_carea' id='block_1_23' title="bbox 946 1064 1496 1198">
    <p class='ocr_par' dir='ltr' id='par_1_23' title="bbox 946 1064 1496 1198">
     <span class='ocr_line' id='line_1_55' title="bbox 994 1064 1496 1105; baseline -0.002 -9"><span class='ocrx_word' id='word_1_137' title='bbox 994 1066 1099 1097; x_wconf 90' lang='lat' dir='ltr'>lumen</span> <span class='ocrx_word' id='word_1_138' title='bbox 1116 1065 1228 1105; x_wconf 88' lang='lat' dir='ltr'>tribus,</span> <span class='ocrx_word' id='word_1_139' title='bbox 1250 1067 1286 1096; x_wconf 83' lang='lat' dir='ltr'>et</span> <span class='ocrx_word' id='word_1_140' title='bbox 1303 1065 1363 1096; x_wconf 85' lang='lat' dir='ltr'>duo</span> <span class='ocrx_word' id='word_1_141' title='bbox 1382 1064 1496 1096; x_wconf 84' lang='lat' dir='ltr'>claudi.</span> 
     </span>
     <span class='ocr_line' id='line_1_56' title="bbox 946 1111 1237 1151; baseline -0.003 -8"><span class='ocrx_word' id='word_1_142' title='bbox 946 1111 1081 1151; x_wconf 88' lang='lat' dir='ltr'>Leprosi</span> <span class='ocrx_word' id='word_1_143' title='bbox 1105 1113 1237 1144; x_wconf 87' lang='lat' dir='ltr'>totidem</span> 
     </span>
     <span class='ocr_line' id='line_1_57' title="bbox 993 1158 1391 1198; baseline 0.005 -8"><span class='ocrx_word' id='word_1_144' title='bbox 993 1163 1068 1190; x_wconf 89' lang='lat' dir='ltr'>tunc</span> <span class='ocrx_word' id='word_1_145' title='bbox 1091 1159 1219 1191; x_wconf 86' lang='lat' dir='ltr'>valuere</span> <span class='ocrx_word' id='word_1_146' title='bbox 1242 1167 1301 1198; x_wconf 89' lang='lat' dir='ltr'>per</span> <span class='ocrx_word' id='word_1_147' title='bbox 1324 1158 1391 1192; x_wconf 82' lang='lat' dir='ltr'>hos,</span> 
     </span>
    </p>
   </div>
   <div class='ocr_carea' id='block_1_24' title="bbox 913 1214 1267 1255">
    <p class='ocr_par' dir='ltr' id='par_1_24' title="bbox 913 1214 1267 1255">
     <span class='ocr_line' id='line_1_58' title="bbox 913 1214 1267 1255; baseline 0 -9"><span class='ocrx_word' id='word_1_148' title='bbox 913 1239 920 1246; x_wconf 91' lang='lat'><strong>.</strong></span> <span class='ocrx_word' id='word_1_149' title='bbox 946 1214 1091 1255; x_wconf 80' lang='lat' dir='ltr'>Sequana</span> <span class='ocrx_word' id='word_1_150' title='bbox 1115 1224 1188 1254; x_wconf 83' lang='lat' dir='ltr'>susp</span> <span class='ocrx_word' id='word_1_151' title='bbox 1193 1224 1267 1246; x_wconf 90' lang='lat' dir='ltr'>enso</span> 
     </span>
    </p>
   </div>
   <div class='ocr_carea' id='block_1_25' title="bbox 946 1261 1437 1395">
    <p class='ocr_par' dir='ltr' id='par_1_25' title="bbox 946 1261 1437 1395">
     <span class='ocr_line' id='line_1_59' title="bbox 993 1261 1437 1303; baseline -0.002 -10"><span class='ocrx_word' id='word_1_152' title='bbox 993 1261 1030 1293; x_wconf 87' lang='lat' dir='ltr'>fit</span> <span class='ocrx_word' id='word_1_153' title='bbox 1058 1263 1175 1293; x_wconf 90' lang='lat' dir='ltr'>eisdem</span> <span class='ocrx_word' id='word_1_154' title='bbox 1200 1262 1311 1301; x_wconf 81' lang='lat' dir='ltr'>pervia</span> <span class='ocrx_word' id='word_1_155' title='bbox 1335 1270 1437 1303; x_wconf 88' lang='lat' dir='ltr'>cursu,</span> 
     </span>
     <span class='ocr_line' id='line_1_60' title="bbox 946 1308 1326 1349; baseline 0 -9"><span class='ocrx_word' id='word_1_156' title='bbox 946 1308 1027 1340; x_wconf 83' lang='lat' dir='ltr'>Esse</span> <span class='ocrx_word' id='word_1_157' title='bbox 1051 1309 1167 1349; x_wconf 80' lang='lat' dir='ltr'>probat</span> <span class='ocrx_word' id='word_1_158' title='bbox 1189 1309 1326 1348; x_wconf 88' lang='lat' dir='ltr'>liquidos</span> 
     </span>
     <span class='ocr_line' id='line_1_61' title="bbox 992 1356 1380 1395; baseline 0.01 -9"><span class='ocrx_word' id='word_1_159' title='bbox 992 1359 1095 1387; x_wconf 83' lang='lat' dir='ltr'>morte</span> <span class='ocrx_word' id='word_1_160' title='bbox 1120 1356 1247 1388; x_wconf 80' lang='lat' dir='ltr'>satelles</span> <span class='ocrx_word' id='word_1_161' title='bbox 1271 1364 1380 1395; x_wconf 79' lang='lat' dir='ltr'>aquas.</span> 
     </span>
    </p>
   </div>
   <div class='ocr_carea' id='block_1_26' title="bbox 946 1411 1497 1591">
    <p class='ocr_par' dir='ltr' id='par_1_26' title="bbox 946 1411 1273 1452">
     <span class='ocr_line' id='line_1_62' title="bbox 946 1411 1273 1452; baseline 0.003 -10"><span class='ocrx_word' id='word_1_162' title='bbox 946 1411 1101 1444; x_wconf 84' lang='lat' dir='ltr'>Roscidus</span> <span class='ocrx_word' id='word_1_163' title='bbox 1127 1415 1156 1443; x_wconf 89' lang='lat' dir='ltr'>et</span> <span class='ocrx_word' id='word_1_164' title='bbox 1179 1412 1273 1452; x_wconf 79' lang='lat' dir='ltr'>ignis,</span> 
     </span>
    </p>

    <p class='ocr_par' dir='ltr' id='par_1_27' title="bbox 947 1459 1497 1545">
     <span class='ocr_line' id='line_1_63' title="bbox 993 1459 1497 1498; baseline -0.004 -7"><span class='ocrx_word' id='word_1_165' title='bbox 993 1462 1089 1497; x_wconf 85' lang='lat' dir='ltr'>pavet</span> <span class='ocrx_word' id='word_1_166' title='bbox 1112 1459 1168 1490; x_wconf 92' lang='lat' dir='ltr'>hos</span> <span class='ocrx_word' id='word_1_167' title='bbox 1193 1460 1244 1490; x_wconf 77' lang='lat' dir='ltr'>lea</span> <span class='ocrx_word' id='word_1_168' title='bbox 1259 1460 1370 1498; x_wconf 83' lang='lat' dir='ltr'>visque</span> <span class='ocrx_word' id='word_1_169' title='bbox 1386 1459 1497 1498; x_wconf 82' lang='lat' dir='ltr'>leoniS,</span> 
     </span>
     <span class='ocr_line' id='line_1_64' title="bbox 947 1504 1344 1545; baseline 0.005 -10"><span class='ocrx_word' id='word_1_170' title='bbox 947 1504 1065 1536; x_wconf 85' lang='lat' dir='ltr'>Exsilit</span> <span class='ocrx_word' id='word_1_171' title='bbox 1090 1509 1221 1545; x_wconf 82' lang='lat' dir='ltr'>utraque</span> <span class='ocrx_word' id='word_1_172' title='bbox 1245 1514 1344 1545; x_wconf 69' lang='lat' dir='ltr'>mem,</span> 
     </span>
    </p>

    <p class='ocr_par' dir='ltr' id='par_1_28' title="bbox 995 1552 1351 1591">
     <span class='ocr_line' id='line_1_65' title="bbox 995 1552 1351 1591; baseline 0.003 -9"><span class='ocrx_word' id='word_1_173' title='bbox 995 1552 1061 1583; x_wconf 78' lang='lat' dir='ltr'>vita</span> <span class='ocrx_word' id='word_1_174' title='bbox 1084 1552 1206 1591; x_wconf 86' lang='lat' dir='ltr'>pericla</span> <span class='ocrx_word' id='word_1_175' title='bbox 1231 1561 1351 1585; x_wconf 76' lang='lat' dir='ltr'>carens.</span> 
     </span>
    </p>
   </div>
   <div class='ocr_carea' id='block_1_27' title="bbox 912 1607 1272 1648">
    <p class='ocr_par' dir='ltr' id='par_1_29' title="bbox 912 1607 1272 1648">
     <span class='ocr_line' id='line_1_66' title="bbox 912 1607 1272 1648; baseline 0 -10"><span class='ocrx_word' id='word_1_176' title='bbox 912 1633 919 1639; x_wconf 94' lang='lat'><em>.</em></span> <span class='ocrx_word' id='word_1_177' title='bbox 945 1607 1028 1638; x_wconf 91' lang='lat' dir='ltr'>Dum</span> <span class='ocrx_word' id='word_1_178' title='bbox 1052 1608 1133 1638; x_wconf 89' lang='lat' dir='ltr'>sacri</span> <span class='ocrx_word' id='word_1_179' title='bbox 1158 1608 1272 1648; x_wconf 87' lang='lat' dir='ltr'>gemini</span> 
     </span>
    </p>
   </div>
   <div class='ocr_carea' id='block_1_28' title="bbox 946 1654 1472 1788">
    <p class='ocr_par' dir='ltr' id='par_1_30' title="bbox 946 1654 1472 1788">
     <span class='ocr_line' id='line_1_67' title="bbox 992 1654 1472 1692; baseline 0.002 -8"><span class='ocrx_word' id='word_1_180' title='bbox 992 1654 1195 1692; x_wconf 86' lang='lat' dir='ltr'>loquerentur</span> <span class='ocrx_word' id='word_1_181' title='bbox 1219 1655 1260 1686; x_wconf 82' lang='lat' dir='ltr'>ad</span> <span class='ocrx_word' id='word_1_182' title='bbox 1286 1663 1342 1685; x_wconf 83' lang='lat' dir='ltr'>ora</span> <span class='ocrx_word' id='word_1_183' title='bbox 1364 1654 1472 1687; x_wconf 82' lang='lat' dir='ltr'>Sabini</span> 
     </span>
     <span class='ocr_line' id='line_1_68' title="bbox 946 1700 1299 1741; baseline 0 -9"><span class='ocrx_word' id='word_1_184' title='bbox 946 1700 1050 1732; x_wconf 83' lang='lat' dir='ltr'>Unica</span> <span class='ocrx_word' id='word_1_185' title='bbox 1074 1709 1136 1733; x_wconf 86' lang='lat' dir='ltr'>vox</span> <span class='ocrx_word' id='word_1_186' title='bbox 1160 1702 1299 1741; x_wconf 88' lang='lat' dir='ltr'>geminos</span> 
     </span>
     <span class='ocr_line' id='line_1_69' title="bbox 993 1750 1365 1788; baseline 0.008 -11"><span class='ocrx_word' id='word_1_187' title='bbox 993 1750 1106 1786; x_wconf 80' lang='lat' dir='ltr'>purgat</span> <span class='ocrx_word' id='word_1_188' title='bbox 1131 1756 1365 1788; x_wconf 83' lang='lat' dir='ltr'>energumenos,</span> 
     </span>
    </p>
   </div>
   <div class='ocr_carea' id='block_1_29' title="bbox 1063 1821 1310 1849">
    <p class='ocr_par' dir='ltr' id='par_1_31' title="bbox 1063 1821 1310 1849">
     <span class='ocr_line' id='line_1_70' title="bbox 1063 1821 1310 1849; baseline 0.004 -1"><span class='ocrx_word' id='word_1_189' title='bbox 1063 1821 1109 1848; x_wconf 81' lang='lat' dir='ltr'>Ad</span> <span class='ocrx_word' id='word_1_190' title='bbox 1128 1821 1310 1849; x_wconf 81' lang='lat' dir='ltr'>Benedictus.</span> 
     </span>
    </p>
   </div>
   <div class='ocr_carea' id='block_1_30' title="bbox 943 1869 1496 2240">
    <p class='ocr_par' dir='ltr' id='par_1_32' title="bbox 943 1869 1496 2240">
     <span class='ocr_line' id='line_1_71' title="bbox 948 1869 1324 1903; baseline 0.008 -3"><span class='ocrx_word' id='word_1_191' title='bbox 948 1869 1097 1901; x_wconf 80' lang='lat' dir='ltr'>Destinat</span> <span class='ocrx_word' id='word_1_192' title='bbox 1119 1870 1176 1903; x_wconf 90' lang='lat' dir='ltr'>hos</span> <span class='ocrx_word' id='word_1_193' title='bbox 1202 1872 1242 1903; x_wconf 81' lang='lat' dir='ltr'>ad</span> <span class='ocrx_word' id='word_1_194' title='bbox 1267 1880 1324 1903; x_wconf 89' lang='lat' dir='ltr'>nos</span> 
     </span>
     <span class='ocr_line' id='line_1_72' title="bbox 992 1916 1496 1959; baseline 0.006 -12"><span class='ocrx_word' id='word_1_195' title='bbox 992 1916 1083 1948; x_wconf 81' lang='lat' dir='ltr'>Latio</span> <span class='ocrx_word' id='word_1_196' title='bbox 1108 1917 1194 1950; x_wconf 90' lang='lat' dir='ltr'>Deus</span> <span class='ocrx_word' id='word_1_197' title='bbox 1219 1919 1309 1950; x_wconf 88' lang='lat' dir='ltr'>hoste</span> <span class='ocrx_word' id='word_1_198' title='bbox 1334 1922 1496 1959; x_wconf 79' lang='lat' dir='ltr'>patronos,</span> 
     </span>
     <span class='ocr_line' id='line_1_73' title="bbox 944 1963 1307 2005; baseline 0.008 -11"><span class='ocrx_word' id='word_1_199' title='bbox 944 1963 1055 1995; x_wconf 85' lang='lat' dir='ltr'>Gordis</span> <span class='ocrx_word' id='word_1_200' title='bbox 1082 1967 1113 1995; x_wconf 82' lang='lat' dir='ltr'>et</span> <span class='ocrx_word' id='word_1_201' title='bbox 1136 1965 1307 2005; x_wconf 87' lang='lat' dir='ltr'>hospitium</span> 
     </span>
     <span class='ocr_line' id='line_1_74' title="bbox 991 2012 1309 2050; baseline 0.006 -8"><span class='ocrx_word' id='word_1_202' title='bbox 991 2012 1222 2050; x_wconf 81' lang='lat' dir='ltr'>praeripiamus</span> <span class='ocrx_word' id='word_1_203' title='bbox 1246 2022 1309 2044; x_wconf 89' lang='lat' dir='ltr'>eos.</span> 
     </span>
     <span class='ocr_line' id='line_1_75' title="bbox 943 2058 1376 2101; baseline 0.009 -13"><span class='ocrx_word' id='word_1_204' title='bbox 943 2058 995 2089; x_wconf 88' lang='lat' dir='ltr'>Ad</span> <span class='ocrx_word' id='word_1_205' title='bbox 1021 2058 1078 2089; x_wconf 91' lang='lat' dir='ltr'>hos</span> <span class='ocrx_word' id='word_1_206' title='bbox 1103 2058 1135 2090; x_wconf 88' lang='lat' dir='ltr'>hi</span> <span class='ocrx_word' id='word_1_207' title='bbox 1161 2058 1270 2099; x_wconf 80' lang='lat' dir='ltr'>fugere</span> <span class='ocrx_word' id='word_1_208' title='bbox 1294 2068 1376 2101; x_wconf 85' lang='lat' dir='ltr'>suos,</span> 
     </span>
     <span class='ocr_line' id='line_1_76' title="bbox 992 2103 1334 2147; baseline 0.009 -12"><span class='ocrx_word' id='word_1_209' title='bbox 992 2103 1147 2145; x_wconf 79' lang='lat' dir='ltr'>fugiamus</span> <span class='ocrx_word' id='word_1_210' title='bbox 1173 2107 1213 2138; x_wconf 83' lang='lat' dir='ltr'>ad</span> <span class='ocrx_word' id='word_1_211' title='bbox 1238 2108 1334 2147; x_wconf 87' lang='lat' dir='ltr'>ipsos,</span> 
     </span>
     <span class='ocr_line' id='line_1_77' title="bbox 943 2151 1347 2196; baseline 0.007 -14"><span class='ocrx_word' id='word_1_212' title='bbox 943 2151 998 2191; x_wconf 87' lang='lat' dir='ltr'>Ut,</span> <span class='ocrx_word' id='word_1_213' title='bbox 1024 2153 1107 2191; x_wconf 90' lang='lat' dir='ltr'>quod</span> <span class='ocrx_word' id='word_1_214' title='bbox 1132 2154 1205 2193; x_wconf 89' lang='lat' dir='ltr'>sint,</span> <span class='ocrx_word' id='word_1_215' title='bbox 1231 2154 1347 2196; x_wconf 82' lang='lat' dir='ltr'>simus3</span> 
     </span>
     <span class='ocr_line' id='line_1_78' title="bbox 990 2199 1423 2240; baseline 0.009 -11"><span class='ocrx_word' id='word_1_216' title='bbox 990 2199 1081 2230; x_wconf 82' lang='lat' dir='ltr'>ambo</span> <span class='ocrx_word' id='word_1_217' title='bbox 1103 2200 1215 2239; x_wconf 76' lang='lat' dir='ltr'>juvent</span> <span class='ocrx_word' id='word_1_218' title='bbox 1237 2209 1332 2240; x_wconf 87' lang='lat' dir='ltr'>prece</span> <span class='ocrx_word' id='word_1_219' title='bbox 1356 2210 1423 2233; x_wconf 89' lang='lat' dir='ltr'>nos.</span> 
     </span>
    </p>
   </div>
   <div class='ocr_carea' id='block_1_31' title="bbox 197 2268 1495 2348">
    <p class='ocr_par' dir='ltr' id='par_1_33' title="bbox 197 2268 1495 2348">
     <span class='ocr_line' id='line_1_79' title="bbox 272 2268 1495 2309; baseline -0.001 -8"><span class='ocrx_word' id='word_1_220' title='bbox 272 2274 357 2301; x_wconf 84' lang='lat' dir='ltr'>Brev.</span> <span class='ocrx_word' id='word_1_221' title='bbox 384 2281 435 2300; x_wconf 75' lang='lat' dir='ltr'>ms.</span> <span class='ocrx_word' id='word_1_222' title='bbox 460 2273 684 2301; x_wconf 82' lang='lat' dir='ltr'>Fontanellense</span> <span class='ocrx_word' id='word_1_223' title='bbox 712 2280 786 2299; x_wconf 83' lang='lat' dir='ltr'>saec.</span> <span class='ocrx_word' id='word_1_224' title='bbox 814 2268 855 2298; x_wconf 83' lang='lat'>13.</span> <span class='ocrx_word' id='word_1_225' title='bbox 885 2271 953 2299; x_wconf 82' lang='lat' dir='ltr'>Ood.</span> <span class='ocrx_word' id='word_1_226' title='bbox 982 2273 1171 2309; x_wconf 85' lang='lat' dir='ltr'>Rotomagen.</span> <span class='ocrx_word' id='word_1_227' title='bbox 1198 2272 1263 2302; x_wconf 82' lang='grc'>208.</span> <span class='ocrx_word' id='word_1_228' title='bbox 1288 2289 1325 2294; x_wconf 88' lang='lat'>-—</span> <span class='ocrx_word' id='word_1_229' title='bbox 1351 2275 1425 2302; x_wconf 76' lang='lat' dir='ltr'>Acta</span> <span class='ocrx_word' id='word_1_230' title='bbox 1443 2274 1495 2302; x_wconf 82' lang='lat' dir='ltr'>SS.</span> 
     </span>
     <span class='ocr_line' id='line_1_80' title="bbox 197 2308 1495 2348; baseline 0 -8"><span class='ocrx_word' id='word_1_231' title='bbox 197 2313 271 2348; x_wconf 81' lang='lat' dir='ltr'>Maji</span> <span class='ocrx_word' id='word_1_232' title='bbox 283 2312 333 2345; x_wconf 78' lang='lat' dir='ltr'>VI,</span> <span class='ocrx_word' id='word_1_233' title='bbox 354 2308 390 2338; x_wconf 82' lang='lat'>35</span> <span class='ocrx_word' id='word_1_234' title='bbox 411 2310 559 2338; x_wconf 83' lang='lat' dir='ltr'>enthalten</span> <span class='ocrx_word' id='word_1_235' title='bbox 578 2311 625 2338; x_wconf 87' lang='lat' dir='ltr'>die</span> <span class='ocrx_word' id='word_1_236' title='bbox 640 2310 662 2337; x_wconf 86' lang='grc' dir='ltr'>Α</span> <span class='ocrx_word' id='word_1_237' title='bbox 677 2310 714 2337; x_wconf 76' lang='lat' dir='ltr'>acl</span> <span class='ocrx_word' id='word_1_238' title='bbox 726 2311 823 2346; x_wconf 74' lang='lat' dir='ltr'>Magn.</span> <span class='ocrx_word' id='word_1_239' title='bbox 838 2309 898 2336; x_wconf 86' lang='lat' dir='ltr'>und</span> <span class='ocrx_word' id='word_1_240' title='bbox 911 2309 1072 2338; x_wconf 81' lang='lat' dir='ltr'>ausserdem</span> <span class='ocrx_word' id='word_1_241' title='bbox 1086 2312 1132 2339; x_wconf 84' lang='lat' dir='ltr'>die</span> <span class='ocrx_word' id='word_1_242' title='bbox 1145 2312 1280 2347; x_wconf 84' lang='lat' dir='ltr'>folgende</span> <span class='ocrx_word' id='word_1_243' title='bbox 1296 2310 1345 2348; x_wconf 84' lang='lat' dir='ltr'>[ad</span> <span class='ocrx_word' id='word_1_244' title='bbox 1358 2311 1495 2348; x_wconf 80' lang='lat' dir='ltr'>Laudes]‚</span> 
     </span>
    </p>
   </div>
   <div class='ocr_carea' id='block_1_32' title="bbox 197 2349 608 2378">
    <p class='ocr_par' dir='ltr' id='par_1_34' title="bbox 197 2349 608 2378">
     <span class='ocr_line' id='line_1_81' title="bbox 197 2349 608 2378; baseline -0.01 1"><span class='ocrx_word' id='word_1_245' title='bbox 197 2351 245 2378; x_wconf 81' lang='lat' dir='ltr'>die</span> <span class='ocrx_word' id='word_1_246' title='bbox 264 2351 296 2377; x_wconf 87' lang='lat' dir='ltr'>in</span> <span class='ocrx_word' id='word_1_247' title='bbox 314 2357 433 2376; x_wconf 74' lang='lat' dir='ltr'>unsel-er</span> <span class='ocrx_word' id='word_1_248' title='bbox 452 2349 504 2376; x_wconf 84' lang='lat' dir='ltr'>Hs.</span> <span class='ocrx_word' id='word_1_249' title='bbox 523 2349 608 2376; x_wconf 82' lang='lat' dir='ltr'>fehlt:</span> 
     </span>
    </p>
   </div>
  </div>
 </body>
</html>
