1650 2587
172 229 211 261 V.

185 342 217 375 2.

160 2303 200 2336 V.

712 129 948 165 -99—

241 225 416 260 Plantatus
452 226 490 259 iot
523 226 616 259 domo
648 225 797 267 Domini,

242 273 281 306 'bn
306 274 400 307 atriis
425 275 540 307 domus
564 274 629 306 Det
651 274 765 306 nostri.

243 340 359 373 Verbis
383 341 507 382 pluens,
533 340 627 372 minis
652 342 775 379 tonans

291 387 467 420 Coruscans
492 387 664 428 miraculis,

243 435 326 467 Dum
350 435 475 475 jejunos
500 434 661 467 refocillat

290 483 465 514 Auditores
490 482 602 525 epulis,

245 528 410 562 Gloriosus
434 529 594 562 invenitur

294 577 544 617 circumquaque
566 577 704 617 populis·

242 624 358 658 Justus
393 624 558 657 Dominus
596 626 624 656 et
652 623 799 663 justitias

247 671 368 711 dilem‘t,
402 671 596 712 aequitatem
628 670 709 703 vidit
730 670 798 702 vul-

245 722 297 752 tus
323 719 403 759 ejus.

245 785 403 817 Honorati
427 784 603 825 Jacobique

291 833 392 864 virtus
419 835 451 864 et
474 832 627 863 miracula

245 879 407 912 Lirinensi
433 879 623 919 depulerunt

294 928 464 959 draconem
488 926 527 958 ab
552 926 665 965 insula,

245 974 312 1007 Ubi
335 974 463 1005 tandem
487 973 711 1005 monachorum

292 1020 373 1052 fiunt
397 1020 587 1053 habitacula.

246 1067 413 1100 Delectat-3
432 1067 469 1099 {sn
485 1067 640 1107 Domino,
667 1069 695 1098 et
711 1067 799 1098 dabit

245 1115 304 1147 tibi
320 1114 493 1155 petitiones
518 1114 622 1147 cordis
646 1114 705 1149 tut.

308 1247 353 1279 In
379 1249 410 1280 2.
432 1247 663 1280 Nocturno.

389 1322 583 1357 Antiphonae.

213 1415 220 1422 .
247 1391 382 1423 ,Iunctus
407 1392 477 1421 erat
500 1389 557 1421 bos
583 1398 653 1420 cum
677 1389 768 1429 bove,

245 1437 348 1477 Ligna
367 1437 497 1468 trahens
524 1436 633 1468 domus
658 1445 767 1476 novae,

243 1485 361 1517 Bovem
387 1484 510 1524 pigrum
536 1484 622 1515 tardi
648 1493 756 1515 cursus

244 1531 356 1564 Coram
382 1531 490 1564 multis
516 1533 607 1563 vorat
630 1540 721 1563 ursus

240 1598 351 1630 Movet
374 1597 459 1629 fama
482 1597 543 1629 Dei
570 1598 681 1636 virum,

240 1645 439 1685 Supervenit,
462 1643 539 1676 fecit
562 1645 686 1684 mirum,

237 1693 439 1732 Increpatum
465 1692 553 1724 velut
572 1693 646 1732 joco

237 1740 351 1773 Junxit
372 1749 482 1771 ursum
505 1740 595 1772 bovis
619 1740 699 1772 loco.

203 1832 210 1839 .
237 1806 419 1846 Quantitate
443 1807 495 1840 vel
519 1815 666 1839 mensura

236 1854 358 1886 Trabes
382 1854 489 1886 brevis
513 1854 547 1885 in
572 1856 741 1896 structura,

234 1901 319 1933 Dum
343 1901 394 1935 vir
417 1901 479 1933 Dei
505 1901 706 1942 deprecatur,

234 1949 378 1989 Quinque
398 1949 497 1989 pedes
522 1952 754 1990 augmentatur.

373 2042 581 2078 Responsoria.

235 2110 316 2143 Erat
340 2110 492 2151 princeps
515 2110 549 2142 in
575 2109 680 2143 Gallia

234 2158 337 2199 Regni
361 2166 490 2191 movens
514 2158 657 2200 imperia,

234 2206 332 2246 Cujus
357 2208 427 2237 erat
450 2205 564 2237 notitia

232 2253 353 2286 Jacobo
377 2253 568 2285 necessaria.

229 2299 333 2342 Apud
358 2301 543 2334 Dominum
573 2310 699 2341 gressus
731 2301 787 2333 ho-

230 2349 331 2382 minis
366 2348 523 2390 dtriyetur
556 2351 584 2380 et
606 2348 695 2380 viam
719 2348 789 2389 ejus

230 2397 320 2432 volet.

870 228 900 259 2.
927 227 966 259 In
991 226 1089 258 asello
1115 227 1293 268 congeriem

857 415 894 448 V.

870 567 901 598 3.

869 1018 900 1050 1.

861 2255 891 2288 1.

928 273 1020 306 Nivis
1045 275 1135 313 ponit
1160 277 1192 306 et
1215 275 1357 317 glaciem,

927 321 974 353 Ut
998 320 1101 353 disc-at
1124 321 1212 353 urbis
1237 322 1361 362 seriem,

927 367 1102 408 Regnantis
1127 369 1197 401 adit
1220 368 1345 402 faciem.

925 415 1119 456 Benedicite,
1143 416 1216 457 gelu
1233 419 1261 448 et
1276 416 1391 458 frique,
1412 417 1481 449 Do-

925 462 1025 506 mino,
1051 462 1231 504 benedicite,
1252 463 1370 504 ytacz'es
1388 467 1416 496 et
1430 464 1481 496 Μ’-

926 518 988 550 ves,
1014 509 1169 543 Domino.

927 566 1058 598 Aestivo
1083 567 1138 598 nix
1162 567 1194 599 in
1220 569 1362 607 tempore

928 613 1024 646 Velut
1049 613 1162 646 durata
1186 613 1306 655 frigore

926 661 1044 692 Aestus
1069 663 1189 693 attacta
1212 662 1327 694 robore

927 707 1090 747 Frigidior
1116 711 1165 740 est
1187 718 1355 741 marmore.

924 754 1118 787 Benedictus
1140 756 1231 788 Deus
1254 756 1369 795 Israel,
1404 756 1482 796 quia

926 801 1007 842 facit
1025 801 1192 834 mirabilia
1216 802 1313 836 solus.

982 896 1029 928 In
1054 897 1085 928 3.
1113 896 1352 929 Nocturno.

1071 960 1266 997 Antiphonae.

926 1017 992 1049 Iter
1017 1018 1104 1056 capit
1126 1019 1271 1058 pervium

972 1064 1110 1097 Jacobus
1137 1068 1169 1096 et
1193 1066 1300 1106 ceteri,

925 1111 1022 1143 Dolet
1045 1112 1120 1144 hinc
1146 1113 1354 1153 daemonium,

971 1158 1016 1190 Et
1039 1161 1175 1191 tortores
1200 1159 1296 1192 inferi

924 1206 1112 1247 Moliuntur‚
1139 1207 1293 1239 Jacobum

971 1252 1016 1284 Et
1039 1261 1189 1292 sequaces
1212 1255 1351 1295 laedere,

926 1299 990 1331 Sed
1014 1300 1138 1333 omnino
1163 1302 1294 1341 reprobi

974 1346 1035 1379 Suo
1062 1349 1180 1380 cadunt
1203 1349 1343 1382 vulnere.

892 1428 899 1435 .
923 1402 1072 1435 caumate
1096 1413 1175 1444 prae
1199 1406 1295 1437 nimio

972 1451 1165 1490 Quaerentes
1191 1452 1416 1494 umbraculum,

924 1497 1064 1530 Umbrae
1088 1498 1239 1531 beneficio

973 1545 1014 1577 Se
1039 1547 1236 1578 committens
1259 1548 1432 1589 paululum,

924 1592 1015 1624 Nivis
1039 1592 1136 1625 miser
1157 1593 1282 1633 baJ'ulus

970 1639 1052 1671 Dum
1079 1641 1148 1672 vult
1171 1642 1379 1683 requiescere,

921 1687 962 1719 Ei
987 1686 1094 1718 studet
1118 1689 1258 1720 aemulus

969 1734 1111 1767 Ocellum
1137 1744 1257 1769 eruere.

922 1791 1063 1824 Ocellum
1089 1791 1206 1832 eripuit

967 1838 1087 1872 Corvus
1112 1848 1247 1879 nequam
1272 1840 1370 1884 asino,

919 1886 1074 1926 Ereptum
1099 1887 1240 1919 restituit

966 1933 1180 1973 Dispensante
1204 1934 1350 1979 Domino,

920 1981 1038 2013 Asinus
1063 1984 1232 2021 recuperat

966 2029 1152 2060 Interventu
1173 2028 1297 2070 Jacobi,

919 2075 1009 2114 Quod
1035 2077 1108 2107 ante
1131 2076 1321 2116 perdiderat

965 2122 1076 2154 Hostis
1101 2126 1170 2155 arte
1193 2124 1332 2163 reprobi.

1056 2196 1263 2233 Responsoria.

918 2253 1068 2287 Caritatis

958 2301 1039 2333 uniti
1064 2301 1185 2341 glutino

916 2349 1050 2381 Laetum
1074 2349 1137 2382 iter

959 2399 1056 2437 agunt
1079 2397 1113 2430 in
1137 2398 1282 2440 Domino,

1257 2453 1299 2483 7*
