1650 2587
731 135 987 170 *213—

293 226 377 253 Brev.
397 234 450 254 ms.
472 225 501 253 S.
521 227 602 255 Petri
623 227 777 257 Oarnoten.
798 238 874 257 saec.
896 227 940 256 12.
962 229 1030 257 Cod.
1051 230 1204 257 Carnoten.
1225 226 1289 256 579.
1309 228 1343 255 A.
1370 243 1405 247 —
1432 228 1517 255 Brev.

215 270 268 290 ms.
289 264 474 292 Tornacense
501 272 575 292 saec.
599 263 642 293 14.
665 266 733 294 Cod.
753 267 913 295 Tornacen.
933 268 1013 295 XXI.
1033 268 1065 295 B.
1092 281 1129 285 —-
1154 266 1238 293 BreV.
1259 275 1311 294 ms.
1331 267 1516 294 Tornacense

216 308 292 328 saec.
313 299 357 328 15.
379 301 448 330 Cod.
468 303 628 331 Tornacen.
649 306 759 333 XXIII.
782 305 812 332 C.
841 320 878 324 ——
904 306 989 333 Brev.
1011 314 1064 332 ms.
1086 303 1261 331 Oamotense
1281 312 1355 331 saec.
1382 302 1423 331 15.
1446 303 1515 330 Cod.

216 339 341 366 Parisin.
364 337 446 368 1053.
460 340 497 367 D.
517 355 556 360 —-
574 342 658 369 Brev.
678 352 731 370 ms.
747 341 922 371 carnotense
942 352 1016 371 saec.
1035 341 1077 370 15.
1094 341 1161 369 Cod.
1178 341 1330 369 Carnoten.
1345 339 1408 369 563.
1423 341 1459 369 E.
1478 355 1517 360 —

216 376 301 404 Brev.
316 386 370 405 ms.
382 378 560 406 carnotense
575 388 649 407 saec.
662 378 707 408 15.
728 380 796 408 Ood.
813 381 965 408 Carnotcn.
976 379 1041 408 576.
1051 381 1084 408 F.
1100 394 1134 398 —
1149 379 1233 406 Brev.
1247 379 1430 407 Tornacense
1449 380 1518 414 imp.

220 411 301 442 1497.
323 415 357 443 G.
385 429 422 435 —-
448 416 484 443 In
506 415 530 444 1.
550 417 634 444 Noct.
656 416 678 444 Α
699 416 732 452 2,
753 416 771 444 2
790 421 925 453 parentes
946 418 979 446 G.
1005 433 1040 438 -—
1067 418 1104 445 In
1126 415 1153 443 2.
1172 416 1255 444 Noet.
1279 415 1299 443 R
1322 416 1351 450 1,
1372 415 1390 444 3
1409 417 1519 444 Torna-

218 460 333 480 censem
347 453 381 481 G.
398 468 435 473 —
456 454 516 481 Der
535 456 726 483 vorstehende
739 456 815 483 Text
831 456 900 483 ruht
918 456 971 483 auf
987 456 1042 483 den
1055 456 1212 483 Brevieren
1230 463 1289 481 von
1304 454 1439 482 Chartres
1458 453 1518 480 und

216 490 342 526 Turnai,
369 492 417 519 <lie
441 492 481 518 im
508 501 620 528 ganzen
646 494 915 529 iibereinstimmen,
943 502 997 520 nur
1020 494 1118 521 fehlen
1137 493 1169 519 in
1189 494 1315 519 ersteren
1335 492 1382 519 (lie
1402 489 1449 518 ΑΑ
1470 491 1520 518 der

220 525 245 553 1.
265 528 387 564 Vesper,
408 529 441 556 in
460 529 607 557 letzterem
629 531 680 558 (las
700 528 726 558 3.
750 528 771 557 R
794 531 844 558 der
864 529 890 558 3.
910 532 1004 565 Noet.,
1024 531 1075 558 das
1095 530 1186 557 dui-eh
1206 531 1252 557 ein
1272 529 1453 565 prosaisches
1475 537 1517 556 er-

220 567 295 592 setzt
318 567 370 601 ist,
398 566 536 594 wffihrend
563 568 613 596 das
633 566 660 596 3.
683 566 703 594 R
730 569 780 596 der
804 567 830 595 2.
850 569 935 597 Noct.
956 570 988 595 in
1009 566 1033 596 1.
1052 569 1152 602 Vesp„
1179 576 1217 595 an
1242 569 1337 595 seiner
1357 567 1447 594 Stelle
1473 568 1520 593 ein

220 603 341 631 anderes
361 605 544 640 prosaisches
560 603 580 632 R
595 606 681 633 steht.
713 607 740 634 A
752 605 805 633 hat
818 606 861 633 als
874 606 1108 634 Klosterbrevier
1120 605 1315 633 monastische
1327 604 1521 640 Einrichtung

218 641 279 667 und
305 642 345 669 ist
369 642 458 670 daher
482 643 557 670 noch
586 644 667 671 mehr
692 645 745 671 mit
769 644 957 680 prosaischen
977 644 1079 672 Teilen
1104 643 1269 670 vermiseht.
1314 643 1371 670 Die
1392 643 1519 677 Respon-

220 680 318 706 sorien
343 680 393 707 der
417 679 478 707 drei
498 681 665 709 Noeturnen
693 682 794 709 stehen
813 683 845 708 in
865 682 938 709 eben
957 682 1051 709 dieser
1071 680 1225 717 ordnung,
1253 681 1322 708 aber
1341 679 1520 708 schrecklich

221 717 350 744 entstellt
373 720 459 745 unter
484 718 540 745 den
560 719 689 747 *Werken
714 719 847 747 Fulberts
875 727 933 746 von
953 718 1096 747 Chai-tres.
1134 718 1214 745 Faus
1243 718 1321 745 diese
1339 717 1520 745 Attribution

219 753 334 790 richtig,
355 757 396 783 ist
414 764 445 782 er
465 757 609 784 entweder
629 758 679 784 der
693 756 844 785 Verfasser
861 757 911 784 des
926 756 1083 791 Officiums,
1105 755 1173 783 oder
1192 756 1243 783 der
1255 755 1406 783 Verfasser
1426 754 1520 781 dieses

221 791 303 819 hatte
325 795 427 821 seinen
446 794 581 828 Hymnus
601 795 730 822 benutzt.

665 895 707 926 81.
747 894 790 926 De
810 895 917 925 sancto
937 893 1072 926 Privato.

363 964 409 996 In
436 964 467 997 1.
492 964 711 1004 Vesperis.
915 966 944 996 2.
970 964 1144 996 Amborum
1166 963 1223 994 sub
1247 963 1381 1003 imperio

407 1028 501 1063 Super
520 1028 663 1056 Psalmos.

219 1085 259 1116 A.
290 1087 445 1119 Praesens
471 1085 617 1117 hortatur
639 1085 788 1125 gaudium

291 1133 363 1165 Oris
387 1133 469 1165 solvi
494 1132 664 1172 silentium,

289 1180 412 1212 Privati
438 1188 507 1211 cum
531 1180 684 1211 solemnia

290 1227 376 1259 Anni
400 1226 528 1259 reduxit,
552 1227 664 1259 orbita.

409 1300 455 1328 Ad
473 1300 652 1336 Magnificat.

251 1385 258 1392 .
288 1359 428 1390 Aeterno
454 1359 521 1398 regi
545 1359 668 1398 pariter

286 1406 426 1446 Agamus
452 1413 559 1437 omnes
583 1405 712 1445 gratias,

290 1453 413 1485 Privati
438 1453 539 1484 sancti
565 1452 714 1492 martyris

289 1500 393 1532 Adest
417 1508 569 1540 praesens
594 1500 794 1542 solemnitas;

289 1548 330 1579 In
354 1546 437 1579 festo
462 1547 558 1586 hujus
581 1547 692 1578 militis

290 1594 455 1626 Laudetur
479 1603 536 1625 rex
563 1593 745 1634 altissimus,

289 1641 339 1672 De
363 1641 446 1682 regis
472 1649 595 1681 quoque
618 1641 766 1673 laudibus

289 1688 386 1720 Miles
413 1688 550 1720 exsultet
574 1689 742 1721 extremus,

356 1775 418 1806 Ad
443 1773 708 1805 Matutinum.

422 1838 638 1865 Invitatorium.

288 1897 370 1937 Regi
394 1904 503 1936 regum
528 1897 681 1928 altissimo

286 1944 415 1977 Laudes
443 1952 589 1975 canamus
614 1944 759 1984 Domino,

288 1992 347 2030 Qui
372 1990 536 2024 Privatum
563 1991 736 2023 antistitem

289 2039 375 2072 Coeli
400 2038 478 2071 fecit
501 2038 701 2079 participem.

351 2126 397 2159 In
423 2125 455 2157 1.
480 2124 711 2156 Nocturno.

430 2189 626 2226 Antiphonae.

252 2272 259 2279 .
285 2249 427 2289 Antiquo
452 2249 588 2288 quodam
612 2250 758 2287 tempore

285 2296 347 2328 Rei
370 2298 541 2336 praeerant.
563 2295 711 2335 publicae

286 2343 475 2375 Valerianus
501 2342 616 2382 impius

285 2391 331 2425 Et
356 2389 519 2423 Gallienus
544 2389 657 2423 socius,

972 1011 1094 1042 Exorta
1119 1012 1167 1042 est
1190 1010 1315 1052 seditio,

972 1058 1179 1096 Ipsorumque
1202 1057 1342 1096 nequitia

973 1103 1112 1135 Confusa
1137 1105 1185 1134 est
1210 1104 1351 1137 ecclesia.

941 1205 947 1212 .
977 1180 1120 1212 Gultores
1144 1178 1206 1210 Dei
1231 1179 1368 1220 capiunt,

974 1226 1089 1266 Captos
1113 1226 1224 1264 poenis
1248 1224 1401 1266 afficiunt,

971 1272 1094 1305 Afflicti
1118 1281 1176 1312 per
1200 1273 1357 1312 supplicia

974 1320 1060 1352 Coeli
1084 1319 1222 1359 migrant
1245 1320 1287 1351 ad
1311 1320 1401 1351 atria.

1111 1403 1317 1439 Responsoria.

938 1485 944 1492 .
972 1460 1208 1492 solemnitatem
1231 1461 1390 1500 martyris,

972 1508 1081 1540 Sancti
1104 1507 1229 1539 Privati
1254 1508 1420 1547 praesulis,

971 1555 1148 1587 Psallamus
1174 1554 1278 1586 cordis
1302 1554 1443 1593 vocibus,

972 1601 1083 1642 Dignis
1108 1610 1235 1641 agamus
1260 1601 1417 1642 laudibus,

972 1649 1030 1688 Qui
1057 1648 1160 1681 carnis
1185 1657 1244 1688 per
1267 1649 1421 1689 martyria

971 1696 1041 1728 Poli
1063 1697 1175 1735 regnat
1198 1696 1232 1726 in
1256 1696 1376 1735 gloria3

931 1767 938 1774 .
968 1742 1123 1775 Favorem
1148 1742 1252 1774 vitans
1276 1743 1387 1782 populi

969 1791 1056 1822 Ante
1081 1792 1281 1829 conspectum
1306 1789 1433 1821 Domini

970 1838 1128 1870 Studebat
1149 1845 1261 1876 preces
1287 1835 1422 1869 fundere

969 1886 1034 1917 Pro
1058 1884 1257 1916 subditorum
1281 1885 1400 1925 requie.

937 1984 944 1991 .
971 1960 1089 1991 Montis
1116 1968 1246 1991 manens
1267 1961 1391 2000 tugurio

972 2007 1090 2039 Orabat
1112 2007 1181 2046 jugi
1205 2007 1321 2047 studio,

972 2054 1094 2094 Corpus
1121 2054 1250 2085 domans
1272 2054 1401 2093 jejuniis

971 2101 1188 2133 Praecedebat
1212 2101 1382 2141 solemniis,

971 2148 1095 2180 Docere
1119 2148 1241 2188 prolem
1267 2148 1436 2189 subditam,

972 2195 1104 2228 Rectam
1128 2198 1237 2226 tenere
1261 2196 1414 2229 semitam.

934 2269 941 2275 .
974 2243 1072 2282 Quam
1097 2242 1259 2283 alloquens
1284 2243 1480 2275 sermonibus

972 2290 1049 2322 Post
1074 2292 1205 2330 peracta
1229 2290 1385 2330 colloquia

974 2336 1074 2370 Grata
1097 2337 1180 2377 petit
1204 2337 1347 2378 latibula,

972 2385 1048 2417 Vita
1071 2384 1159 2418 fovet.
1181 2387 1213 2416 et,
1235 2385 1384 2420 moribuS.
