1650 2587
766 113 974 148 „9—

445 207 528 239 Dum
553 212 689 241 mentem
715 210 791 242 fidei
814 211 958 250 pandens
985 210 1045 243 ait:
1076 210 1198 250 Angele
1222 210 1350 248 Christi,

446 254 497 286 Eu
523 256 639 288 ancilla
664 258 734 298 Dei,
761 256 816 289 fiat
839 258 915 289 mihi
940 258 1024 290 sicut
1047 258 1128 289 aisti.

313 317 365 352 Cr
375 318 470 353 ucis
478 319 539 354 ixi
568 321 745 364 dicuntur,
781 322 917 366 quando
944 322 1066 357 tertius
1092 330 1152 365 pes
1176 321 1275 365 primi
1302 331 1420 356 versus
1442 330 1520 355 con-

215 374 337 408 cordat
360 385 437 411 cum
463 376 585 411 ultimo
610 378 701 421 pede
724 379 899 421 sequentis
915 388 1047 420 versus,
1073 379 1109 413 et
1125 378 1248 412 tertius
1265 387 1326 422 pes
1345 377 1520 422 sequentis

214 438 334 465 versus
360 441 435 466 cum
461 432 584 468 ultimo
609 434 700 478 pede
724 434 825 479 primi
850 444 978 479 versus,
1006 435 1072 469 hoc
1095 434 1216 468 modo:

443 499 520 532 Cum
546 500 588 530 sit
611 500 704 532 homo
729 501 854 543 vermis,
879 502 911 532 in
938 502 1016 533 coeli
1042 501 1169 532 numina
1193 509 1290 540 quare

440 546 549 578 Audet
571 555 715 587 peccare,
741 548 815 588 quia
840 548 930 580 clade
954 550 1091 580 terretur
1116 546 1268 579 inermis?

442 602 588 642 Quisquis
614 602 775 635 ferventer
800 605 888 643 cupis
913 607 1008 644 ostra,
1034 606 1192 646 topazion,
1218 613 1338 646 aurum,

441 649 545 690 Hune,
565 651 617 690 qui
634 651 813 683 thesaurum
833 651 923 683 dabit
938 660 1068 690 omnem.¹
1089 660 1204 690 quaere
1220 650 1411 691 frequenter.

309 714 553 758 Reciproci
578 715 749 758 dicuntur,
775 716 912 759 quando
936 716 1049 760 prima
1072 725 1152 761 pars
1168 716 1270 760 primi
1285 725 1404 751 versus
1420 724 1517 759 repe-

216 770 301 805 titur
324 771 361 805 in
382 769 451 805 fine
476 771 652 814 sequentis
674 780 795 807 versus
819 773 855 806 et
877 772 1019 807 ultimus
1038 781 1099 816 pes
1116 772 1217 816 primi
1238 772 1423 807 concordat
1440 780 1515 805 cum

212 827 317 862 tertio
341 827 493 868 secundi,
523 827 590 862 sic:

441 894 534 925 Jesus
559 895 591 925 in
617 904 694 926 aure
717 895 826 934 melos,
854 893 945 926 favus
971 898 1019 927 est
1043 897 1089 928 ori
1114 895 1275 934 sapientis.¹

484 941 546 972 Est
566 941 686 979 jubilus
709 942 823 973 mentis
848 942 952 983 Jesus,
978 943 1010 973 in
1034 951 1111 974 aure
1134 942 1241 975 melos.

440 997 557 1029 Plenus
581 1006 687 1029 amore
711 998 773 1030 Dei
796 998 906 1029 mundi
930 999 1070 1030 detestor
1094 1007 1242 1032 amorem.

484 1044 509 1076 Ο
536 1044 563 1075 si
587 1053 683 1084 saepe
707 1044 807 1076 forem
831 1045 943 1084 plenus
968 1054 1074 1077 amore
1101 1044 1170 1079 Dei.

306 1108 498 1144 Gaudati
532 1109 708 1154 (licuntur,
745 1110 881 1154 quando
916 1112 1049 1145 tantum
1074 1111 1110 1145 in
1143 1108 1212 1144 fine
1243 1111 1343 1145 ambo
1377 1120 1512 1146 concor-

210 1166 303 1208 dant,
332 1167 398 1201 sic:

437 1222 472 1255 Si
496 1224 566 1263 quis
590 1224 665 1255 huic
690 1225 806 1256 mundo
831 1224 967 1256 millenis
992 1225 1107 1256 militet
1130 1224 1231 1264 annis,

440 1270 501 1302 Vix
526 1271 655 1302 tandem
681 1270 791 1304 fractis
816 1271 876 1303 sibi
904 1272 960 1303 dat
983 1271 1142 1311 stipendia
1166 1272 1289 1310 pannis,

305 1334 340 1370 Si
366 1336 575 1380 stipendium
602 1337 778 1372 derivatur
804 1347 824 1371 a
843 1337 948 1372 verbo
974 1337 1072 1381 stipo,
1105 1345 1153 1378 as,
1181 1339 1235 1371 est
1257 1337 1369 1381 prima
1393 1338 1513 1380 lon9a3

209 1392 238 1426 si
264 1402 342 1437 nou,
370 1393 437 1427 erit
455 1393 567 1436 plima
591 1393 704 1428 brevis
730 1394 765 1428 et
790 1393 981 1436 corrigatur
1004 1402 1132 1437 versus.
1154 1392 1220 1427 sic:

305 1459 366 1491 Vix
391 1459 517 1491 tandem
545 1459 655 1492 fractis
680 1458 746 1503 (vel
771 1458 900 1504 vetulis)
928 1460 984 1492 dat
1007 1461 1100 1492 tarda
1125 1460 1285 1507 stipendia
1308 1462 1432 1500 pannis,

437 1515 595 1555 Quidquid
619 1516 659 1547 ab
685 1525 740 1548 ore
764 1518 864 1556 tonas,
889 1516 1041 1556 quidquid
1067 1515 1145 1547 mihi
1170 1517 1370 1556 prophetari?

437 1562 472 1594 Si
498 1572 559 1594 non
584 1564 678 1596 ‚lesus
703 1564 758 1604 ibi,
785 1566 876 1595 sonet
898 1563 976 1595 mihi
1003 1562 1102 1603 cyfra,
1129 1564 1260 1602 putaris.

300 1627 518 1664 Intercisi
545 1628 715 1671 dicuntur,
743 1627 801 1674 qui
825 1628 956 1664 habent
977 1628 1121 1664 divisam
1147 1630 1416 1673 consonantiam,
1443 1630 1511 1664 sic:

437 1696 462 1728 Ο
487 1696 607 1735 plastes
632 1697 726 1738 vitae,
753 1704 834 1735 quae
858 1696 941 1736 cogit
965 1705 1061 1728 causa
1084 1696 1165 1728 mori
1189 1695 1245 1728 te?

430 1742 482 1774 En
506 1744 625 1775 morior
649 1746 771 1785 sponte,
794 1752 835 1775 ne
859 1743 940 1783 Styx
965 1746 1056 1776 voret
1079 1745 1134 1776 aut
1157 1744 1304 1777 Acheron
1329 1748 1370 1780 te.

298 1808 664 1845 Differentiales
690 1810 867 1852 dicuntur,
903 1810 961 1854 qui
986 1810 1117 1846 habent
1140 1809 1176 1844 in
1201 1811 1304 1845 tertio
1330 1813 1366 1845 et
1389 1811 1511 1846 ultimo

203 1866 292 1910 pede
318 1867 455 1901 easdem
484 1866 661 1913 dictiones,
689 1867 747 1911 qui
772 1868 890 1901 tamen
916 1865 1080 1902 differunt
1102 1866 1139 1901 in
1159 1866 1420 1911 significatione,
1445 1868 1509 1903 sic:

431 1933 529 1966 Serve
553 1934 614 1966 Dei
638 1935 725 1977 Vite,
751 1934 885 1967 intravit
907 1943 984 1975 gens
1009 1935 1093 1966 mala
1116 1934 1147 1966 vi
1171 1937 1214 1975 tc,

429 1981 480 2013 De
503 1991 579 2014 vera
603 1983 668 2015 vite
692 1990 776 2014 nuno
799 1982 884 2021 sugis
910 1982 1024 2021 pocula
1047 1982 1142 2014 vitae.

298 2047 367 2082 Alii
392 2049 474 2083 sunt
498 2047 604 2083 etiam
629 2048 761 2093 pariter
785 2056 905 2082 versus
931 2045 1187 2091 differentiales,
1222 2056 1368 2090 quarum
1393 2047 1511 2082 dictio-

201 2114 264 2140 nes
298 2104 547 2140 concordantes
570 2114 640 2140 non
664 2106 776 2140 solum
803 2104 964 2139 dicuntur
986 2104 1022 2138 in
1047 2102 1295 2147 significatione
1320 2104 1378 2139 sed
1407 2105 1511 2139 etiam

201 2162 237 2197 in
262 2161 488 2207 temporibus»,
514 2160 580 2195 hoc
602 2161 723 2197 modo:

427 2227 557 2260 Laudes
580 2231 685 2269 noete,
713 2229 765 2260 die
787 2228 902 2267 pietati
923 2227 1054 2259 concine
1079 2226 1162 2268 diae,

431 2275 464 2307 Si
488 2275 556 2307 sine
579 2276 676 2308 laude
699 2283 818 2315 manem,
843 2273 957 2306 inflant
979 2274 1038 2306 tibi
1062 2273 1157 2306 noxia
1179 2274 1303 2308 Manes.

429 2322 532 2354 Janua
563 2324 708 2356 coelestis
733 2331 902 2362 numquam
927 2321 965 2353 fit
988 2323 1100 2361 aperta
1125 2322 1278 2355 scelestis.

428 2371 527 2410 Quam
554 2371 675 2412 collega
699 2371 783 2403 malo
808 2370 878 2410 sim,
902 2378 1025 2410 pauper
1050 2370 1158 2402 vivere
1180 2370 1274 2402 malo.
