1651 2588
739 126 996 161 —176-

372 224 389 255 I
397 233 419 256 11
442 224 470 256 L
480 233 527 256 au
536 222 604 255 dib
614 231 635 253 u
643 232 668 255 s.

430 297 622 333 Anfiphonae.

230 365 259 397 1.
287 363 432 396 Gaudeat
453 363 486 394 in
512 362 606 393 caelis

332 410 443 442 chorus
456 412 487 440 et
495 408 585 448 plebs
596 411 707 440 cuncta
716 407 829 445 fidelis,

285 456 415 489 Cantica
440 456 534 496 digna
557 455 624 486 Deo

328 511 386 542 pro
411 505 519 535 sancto
546 502 622 533 dans
645 501 799 539 Meleneo,

285 550 342 587 Qui
367 549 446 580 bene
471 549 587 580 ditatus

329 598 438 634 regnat
470 603 565 634 super
589 597 674 626 astra
698 594 829 625 locatus.

226 655 257 685 2.
284 651 424 684 Nexibus
448 652 554 682 uxoris

328 706 524 737 praeponens
549 697 637 729 lucra
662 696 805 736 pudoris,

283 745 323 777 Se
347 744 480 776 Domino
503 744 599 781 vovit,

332 791 380 822 cui
404 792 492 831 virgo
518 791 624 822 vivere
648 791 742 824 vovit.

227 850 258 881 3.
285 849 424 886 Corpore
449 848 521 879 dum
547 845 653 887 fragili

330 896 466 926 certaret
487 896 591 924 mente
615 894 701 925 virili

281 942 400 973 Terrea
425 941 585 978 calcando,

331 987 444 1019 divinis
468 987 672 1027 invigilando,

282 1035 431 1074 Angelus,
455 1036 491 1065 ut
514 1034 649 1073 solitum,

328 1080 437 1112 reddit.
461 1081 501 1112 de
522 1079 585 1111 fine
608 1080 754 1119 peritum.

227 1140 257 1170 4.
284 1136 464 1175 Discipulos
487 1144 579 1167 mane

330 1187 420 1215 vocat
446 1185 478 1214 et
501 1186 542 1222 te,
570 1182 746 1223 Saviniane,

901 436 932 466 5.

957 218 1007 250 Ne
1031 221 1103 250 ruat
1126 219 1159 249 in
1183 218 1326 256 mortem,

1006 264 1097 304 dixit,
1123 264 1181 295 tibi
1206 263 1320 295 mando
1339 262 1509 302 cohortem,

960 312 1012 343 Sic
1035 311 1121 343 Deus
1144 311 1215 349 ipse
1239 309 1305 348 poli

1005 358 1177 395 mandavit,
1204 356 1346 395 linquere
1371 355 1447 387 noli.

958 432 1125 464 Fratribus
1150 431 1283 463 hortatis

1005 482 1191 519 sumptoque
1216 478 1285 509 cibo
1310 477 1438 518 pictatis

958 527 1081 566 Inquit:
1108 526 1228 565 adesto,
1254 524 1350 567 Deus,

1007 574 1097 605 venio
1122 575 1194 604 tuus
1220 581 1257 603 en
1282 572 1465 612 Meneleus3

962 620 1091 652 Viscera
1116 622 1190 651 tunc
1214 618 1294 657 finit,

1005 670 1036 698 et
1064 668 1104 700 ad
1130 667 1259 698 aethera
1283 666 1414 706 spiritus
1438 665 1507 697 ivit.

1076 778 1120 805 Ad
1141 777 1323 806 Benedictus.

958 856 982 888 O
1009 857 1101 894 pater
1125 854 1267 894 insignis,

1005 903 1130 934 virtutis
1156 904 1187 933 et,
1210 901 1320 933 inclite
1344 901 1451 941 signis,

959 949 983 981 O
1009 957 1099 980 sacer
1124 951 1156 979 et
1181 948 1298 980 Christi

1007 995 1101 1027 decus
1126 1004 1153 1033 o,
1181 995 1233 1034 qui
1258 995 1345 1035 virgo
1371 993 1468 1032 fuisti,

958 1042 1024 1073 Nos
1048 1042 1107 1073 tibi
1132 1043 1261 1074 devotos

1000 1098 1022 1117 ’Χ-
1048 1098 1069 1117 ffl—
1094 1099 1116 1118 -Χ-
1141 1099 1162 1118 ὂέ
1188 1099 1209 1117 ÷÷
1234 1098 1256 1117 ’Χ-

956 1136 1061 1174 Atque
1086 1134 1149 1166 frui
1173 1135 1239 1166 vita

1006 1181 1094 1221 coeli,
1119 1182 1275 1220 Menelee,
1303 1182 1417 1221 cupita.

288 1257 373 1284 Brev.
394 1265 445 1284 ms.
470 1255 680 1284 Camiliacense
699 1264 773 1283 saec.
795 1254 838 1282 15.
860 1255 927 1283 Cod.
948 1255 1073 1283 Parisin.
1097 1253 1177 1282 1278.
1206 1271 1242 1275 -
1260 1255 1296 1282 In
1318 1254 1342 1282 1.
1363 1256 1451 1291 Vesp.
1473 1257 1511 1284 ad

212 1296 310 1330 Magn.
330 1293 463 1321 befinden
483 1293 544 1320 sich
563 1294 596 1319 in
614 1292 664 1321 der
683 1294 736 1321 Hs.
756 1302 810 1320 nur
829 1292 877 1321 die
895 1294 1013 1320 VVorte:
1040 1292 1178 1320 Exsultet
1197 1293 1340 1328 omnium3
1369 1293 1417 1320 die
1436 1293 1509 1321 voll-

214 1332 346 1367 standige
372 1329 394 1357 A
421 1332 514 1358 dieses
534 1330 663 1366 Anfangs
692 1330 781 1357 findet
801 1331 862 1357 niich
881 1331 976 1358 weder
995 1338 1033 1357 an
1052 1329 1147 1358 dieser
1168 1330 1259 1358 Stelle
1279 1331 1355 1358 noch
1374 1332 1416 1358 im
1434 1331 1508 1358 Ver-

213 1370 277 1397 lauf
295 1369 344 1396 des
365 1368 521 1396 Officiums.
536 1382 571 1386 -
586 1368 622 1394 In
643 1366 667 1395 1.
688 1369 770 1395 Noct.
792 1366 814 1393 A
835 1365 861 1402 2,
882 1369 899 1396 3
920 1369 1016 1404 gratia
1033 1370 1157 1396 veritate
1175 1368 1229 1396 Hs.
1251 1382 1286 1387 —-
1310 1368 1333 1394 Α
1354 1367 1380 1402 3,
1400 1367 1421 1396 4
1439 1368 1510 1396 Sen-

215 1416 278 1434 sum
297 1407 364 1440 Hs.;
392 1406 439 1433 die
457 1407 549 1433 Braut
566 1403 642 1433 hiel's
662 1406 711 1432 der
727 1405 863 1440 Legende
882 1406 996 1440 zufolgc
1014 1406 1121 1440 Sensa3
1143 1413 1279 1441 sponsam
1297 1406 1371 1434 fehlt
1390 1406 1444 1434 Hs.
1475 1421 1507 1427 —-

215 1443 237 1470 A
258 1442 283 1477 6,
305 1442 322 1470 2
342 1452 452 1471 verum.
479 1458 514 1462 —
545 1441 565 1468 R
586 1440 612 1475 2,
635 1441 650 1470 1
670 1443 777 1478 pueris.
807 1457 842 1461 —
870 1441 889 1468 R
911 1441 936 1476 3,
959 1442 975 1470 6
996 1443 1145 1471 credendo.
1176 1457 1211 1461 —
1241 1441 1263 1469 A
1283 1442 1310 1478 4,
1331 1442 1349 1472 3
1370 1444 1509 1480 Gonjugis

216 1482 310 1517 ample
323 1481 377 1508 Hs.
398 1495 434 1500 -
453 1481 489 1508 In
509 1479 535 1507 2.
548 1481 631 1507 Noct.
653 1479 674 1506 A
694 1478 718 1513 1,
742 1478 757 1506 1
778 1479 858 1507 dixit.
880 1495 913 1499 —-
936 1478 958 1506 A
972 1478 998 1514 2,
1019 1478 1039 1507 4
1057 1482 1182 1508 militum
1204 1481 1329 1516 ergiinzt.
1351 1496 1386 1500 —-
1407 1480 1430 1508 A
1444 1480 1471 1515 3,
1491 1481 1509 1509 2

214 1520 319 1546 Tristis
341 1520 385 1545 est
403 1520 525 1546 animus.

582 1532 586 1535 -
606 1515 629 1544 A
650 1516 675 1549 3,
698 1516 717 1544 4
737 1518 798 1551 Que
818 1518 912 1552 perdit
931 1526 1013 1545 secus
1033 1521 1207 1546 contractus.
1226 1533 1264 1537 —
1284 1518 1307 1546 A
1327 1518 1354 1553 4,
1375 1517 1393 1547 3
1416 1521 1509 1548 vitam

213 1556 293 1589 fehlt,
315 1555 501 1583 emendando.
525 1569 561 1573 —
582 1553 603 1580 A
624 1554 651 1588 4,
671 1554 689 1583 4
709 1555 816 1582 datare.
844 1570 878 1574 —
899 1554 921 1581 A
942 1554 967 1588 5,
988 1554 1007 1582 4
1025 1558 1211 1584 consecravit.

1290 1556 1312 1583 Α
1334 1556 1359 1591 6,
1384 1556 1398 1584 1
1416 1557 1509 1585 elari-

214 1593 315 1620 ficatus
336 1592 469 1621 officium.
496 1607 530 1611 —
553 1591 574 1618 A
595 1590 621 1625 6,
641 1592 661 1620 4
682 1592 840 1628 condignus
860 1601 952 1628 gegen
972 1593 1027 1620 den
1047 1593 1138 1621 Reim.
1164 1608 1201 1612 —
1223 1592 1242 1619 R
1266 1593 1290 1628 1,
1310 1594 1330 1622 4
1348 1596 1442 1630 petiit.
1472 1611 1506 1616 -—

215 1629 238 1657 A
261 1629 284 1664 1,
306 1629 323 1657 6
343 1632 406 1666 spei
424 1639 550 1666 prorsus.
577 1644 614 1648 —
642 1629 661 1656 R
683 1628 708 1663 2,
730 1627 747 1657 3
769 1632 900 1657 sanctum
919 1630 998 1657 fehlt.
1029 1644 1066 1649 —
1094 1629 1114 1657 R
1135 1630 1162 1664 2,
1183 1630 1203 1658 4
1222 1634 1266 1658 ter
1284 1633 1449 1669 repetendo.
1474 1649 1509 1654 -

219 1666 239 1693 R
255 1666 280 1701 2,
301 1666 318 1694 5
339 1676 370 1695 se
389 1676 507 1695 sessum.
528 1682 563 1687 -
586 1665 605 1692 R
620 1666 647 1701 3,
670 1666 684 1694 1
699 1668 836 1702 Princeps
856 1668 888 1694 in
907 1668 991 1694 fanis.

1070 1666 1089 1694 R
1105 1667 1131 1702 3,
1152 1667 1170 1696 3
1185 1670 1326 1706 Descipit.
1366 1687 1378 1690 -
1408 1668 1428 1696 R
1444 1669 1470 1704 3,
1491 1670 1511 1699 4

217 1706 325 1732 efluens
350 1706 504 1739 stipendia.
529 1720 566 1724 —
593 1702 614 1730 Β
637 1704 658 1732 4
676 1704 834 1740 prosaisch.
860 1719 896 1723 —
919 1706 954 1732 In
975 1705 1066 1733 Laud.
1088 1705 1110 1732 A
1133 1705 1158 1739 2,
1185 1705 1204 1733 2
1223 1715 1395 1742 proponens.
1420 1723 1459 1727 —
1484 1706 1507 1736 Α

214 1741 241 1776 4,
263 1740 281 1769 2
301 1745 330 1769 te
349 1750 403 1769 sua
421 1744 452 1770 in
470 1750 563 1769 mane.
584 1758 621 1761 —
640 1743 677 1770 In
695 1740 720 1768 2.
742 1742 828 1777 Vesp.
852 1742 888 1769 ad
905 1743 1003 1779 Magn.
1024 1741 1046 1769 A
1067 1744 1224 1780 prosaisch.

667 1888 711 1919 66.
752 1888 795 1918 De
815 1889 920 1919 saneto
940 1887 1053 1920 Mitrio.

347 1976 393 2007 In
420 1977 450 2010 1.
477 1977 692 2015 Vesperis.

430 2060 623 2095 Antiphcnae.

229 2128 261 2161 1.
286 2127 414 2160 Mitrius
436 2135 519 2159 nunc
543 2126 698 2158 exaltatus

284 2175 321 2207 In
348 2174 443 2206 coelis
466 2176 579 2215 regnat
602 2173 711 2206 beatus

332 2223 454 2255 Fruens
476 2221 618 2261 J'ucunda
640 2223 753 2258 mente,

285 2268 368 2300 Nam
393 2268 510 2302 Christi
533 2268 653 2301 athleta
673 2267 764 2300 fortis

286 2315 401 2347 sitiens
427 2316 555 2348 calicem
580 2316 689 2348 mortis

334 2362 441 2395 Currit
464 2363 539 2394 illuc
562 2372 624 2395 non
648 2364 742 2396 lente.

903 1979 933 2010 2.
960 1977 1074 2018 Jugum
1097 1980 1160 2012 Dei
1185 1983 1216 2012 et
1240 1990 1337 2014 onera

960 2026 999 2057 Iu
1023 2028 1113 2065 prole
1137 2026 1260 2068 fulgent
1282 2030 1387 2061 libera

1007 2073 1180 2105 Illustrium
1207 2075 1409 2116 Graecorum,

962 2118 1120 2158 Spernens
1144 2122 1246 2152 solum
1270 2132 1340 2154 cum
1365 2133 1480 2163 genere

959 2165 1058 2196 Vadit
1078 2170 1152 2206 post,
1176 2167 1335 2201 Christum
1358 2179 1496 2210 propere

1008 2212 1060 2244 Ad
1085 2214 1186 2245 sinum
1212 2214 1385 2249 beatorum.

905 2269 935 2300 3.
961 2267 1104 2300 Prudens
1132 2269 1265 2301 virtutes
1292 2273 1397 2312 coluit,

964 2314 1057 2347 Unde
1085 2316 1146 2347 coli
1170 2320 1343 2355 promeruit

1008 2360 1044 2392 In
1070 2363 1136 2396 vita
1159 2364 1360 2405 sempiterna,
