1650 2587
718 123 954 157 -21—

185 216 221 247 V.
254 217 342 249 Sicut
366 217 398 248 in
426 217 558 248 historia
937 218 1013 250 Ideo
1039 218 1239 250 coronabitur

305 263 440 296 Sanctae
465 263 549 295 vitae
575 265 733 304 reperitur
982 265 1026 298 Et
1050 265 1135 297 vivet
1157 266 1190 297 in
1215 269 1411 306 perpetuum.

253 312 333 351 EJ'US
357 312 388 342 in
405 311 550 365 *60010812
628 360 634 365 Ι
877 323 910 353 4.
936 322 1051 353 Beatus
1077 330 1187 355 servus
1214 323 1336 363 patiens

301 357 424 399 Rurah,
451 367 512 399 (lua
537 359 700 398 ΞΘΡΘῙΙῘΠΓ-
981 369 1143 409 Redargui
1167 379 1229 402 non
1250 370 1377 411 poterit,

199 415 230 446 3.
257 416 358 456 Aper,
383 424 463 447 unus
487 415 645 446 viatorum
935 416 1031 455 Quem
1057 415 1208 448 Dominus
1234 417 1405 449 adveniens

254 461 304 493 De
328 471 458 494 numero
486 461 698 494 confessorum
981 463 1171 503 vigilantem
1196 464 1362 497 invenerit.

253 510 291 541 In
317 509 420 562 ΠΙξὲ-(ῙΪΟ
446 512 646 562 Ρθξῐῦἷῑῐθῖΰῐη
878 521 910 551 5.
934 519 1001 550 Iste
1026 518 1186 551 confessor
1210 520 1339 552 Domini

303 555 392 588 Obnt,
415 555 562 595 felisslsel'a
981 567 1110 598 Amavit
1132 567 1369 607 poenitentiam,

257 603 397 656 Sequens
421 604 517 636 vitam
543 603 766 643 perfectorum,
934 613 991 652 Qui
1016 614 1148 653 gratiam
1176 615 1231 646 dat
1255 614 1370 645 homini

258 650 317 689 QUI
342 659 401 690 ΡΕΓ
422 660 531 683 manus
557 652 739 691 ffllgelOl'Um
981 660 1023 692 Et
1048 661 1191 699 paradisi
1215 662 1357 702 gloriam.

254 697 408 729 Elevatus
433 707 530 738 supra
555 699 682 730 chorum

257 744 422 776 Ecclesiae
446 754 654 784 supernorum
1047 735 1092 762 Ad
1112 736 1294 763 Benedictus.

259 792 321 823 Per
343 793 468 824 saecula
493 793 689 824 saeculorum
863 793 903 824 A.
930 792 1045 825 Servus
1071 792 1169 824 bonus
1193 796 1224 824 et
1248 791 1352 824 fidelis

304 838 428 870 Gaudet
453 840 668 871 aeternaliter.
982 840 1085 879 Supra
1109 841 1208 871 multa
1233 840 1380 871 constitui

183 887 221 919 V.
253 885 384 917 Secutus
408 887 471 918 iter
495 889 672 918 sanctorum
934 887 1113 918 Promeruit
1137 890 1169 918 et
1191 888 1225 918 in
1250 887 1345 917 caelis

254 933 414 965 Patronus
439 933 664 964 catholicorum
983 933 1140 965 Gaudium
1164 933 1289 965 Domini
1313 934 1361 964 sui

303 978 370 1010 Nos
396 978 494 1011 faeiat
517 980 639 1019 pariter
979 980 1022 1011 Et
1044 980 1143 1019 ipsius
1169 982 1349 1019 conspectui

255 1025 354 1058 Sedes
376 1027 500 1058 intrare
523 1027 677 1066 polorum.
932 1027 1100 1058 Adsistere
1123 1036 1192 1058 cum
1218 1027 1336 1066 angelis

932 1073 976 1104 Et
1000 1082 1069 1104 cum
1094 1075 1211 1105 sanctis
1235 1074 1433 1114 archangelis

344 1120 388 1151 In
417 1120 644 1153 Laudibus,
980 1120 1040 1152 Dei
1065 1121 1186 1152 visione
1210 1120 1283 1155 frui,

396 1185 590 1222 Antiphonae.
1302 1224 1308 1230 1

198 1243 226 1276 1.
253 1244 378 1276 Justum
410 1243 543 1275 deduxit
566 1243 718 1275 Dominus
998 1225 1044 1256 ῙΠ
1070 1225 1100 1256 2·
1127 1225 1345 1264 Vespems·

301 1290 363 1322 Per
388 1291 456 1322 vias
482 1292 586 1322 rectas
611 1289 687 1322 fidei
1052 1288 1096 1315 Ad
1116 1289 1294 1326 Magnificat.

252 1338 297 1369 Et
321 1338 350 1369 ei
375 1337 578 1391 nihi-lominus
690 1384 696 1390 ⁸
860 1345 901 1378 A.
928 1345 1083 1378 Sacerdos
1109 1350 1140 1378 et
1164 1357 1225 1380 non
1250 1348 1405 1389 pontifex,

300 1385 461 1423 APPM'UI'G
484 1392 613 1424 regnum
638 1384 709 1416 Dffl·
978 1394 1093 1425 Pastor
1118 1394 1216 1426 bonus
1241 1395 1273 1426 in
1298 1397 1426 1439 populo,

198 1442 229 1473 2.
258 1441 391 1473 Amavit
412 1440 565 1473 Dominus
592 1449 659 1472 eum
931 1441 1157 1472 Miraculorum
1182 1440 1297 1473 artifex

301 1487 433 1519 Plenum
457 1488 583 1520 divinae
605 1487 727 1528 gratiae
978 1488 1132 1529 Migravit
1154 1489 1194 1521 ab
1219 1490 1279 1520 hoc
1303 1490 1438 1529 saeculo,

254 1535 308 1574 Et,
335 1535 408 1574 quia
434 1535 546 1567 dilexit
570 1536 681 1575 Deum,
980 1535 1025 1567 Ut
1048 1535 1082 1567 in
1105 1537 1215 1567 mortis
1240 1536 1374 1569 articulo

299 1581 410 1614 Induit
434 1581 516 1614 stola
539 1582 669 1622 gloriae.
933 1581 1104 1614 Succurrat
1127 1583 1217 1615 nobis
1242 1582 1360 1624 opifex,

193 1630 224 1662 3.
253 1629 362 1662 Justus
388 1638 450 1661 non
475 1629 669 1661 saturabitur
929 1629 979 1661 Ne
1003 1633 1202 1669 peccatorum
1229 1630 1370 1663 carnifex

300 1675 467 1716 sequendo
492 1675 661 1708 Dominum
687 1685 787 1715 suum,
981 1676 1047 1708 Nos
1073 1680 1144 1708 ruat
1167 1678 1200 1709 iu
1224 1678 1359 1718 piaculo.

258 1761 344 1788 Brev.
373 1760 562 1789 Gebennense
594 1762 663 1797 imp.
697 1760 853 1788 Gfbcnnae
888 1758 967 1788 1479.
1000 1776 1035 1780 —
1060 1761 1122 1788 Das
1155 1762 1288 1790 Officium
1318 1764 1389 1800 folgt
1419 1764 1482 1792 dem

179 1799 337 1826 Commune
356 1800 412 1825 mit
429 1799 597 1827 Ausnahme
617 1799 667 1826 dez,
686 1799 907 1826 vorstehendeu.
994 1800 1028 1826 In
1053 1797 1080 1826 2.
1101 1800 1185 1827 Noet.
1208 1798 1228 1826 R
1252 1799 1274 1835 1ἲ
1299 1798 1333 1828 13
1356 1803 1421 1829 vult
1440 1811 1482 1829 er-

179 1838 275 1873 giinzt.
295 1851 330 1857 --
350 1837 387 1864 R.
406 1834 434 1870 3,
458 1835 493 1864 12
512 1836 659 1865 Patronus
678 1837 806 1873 ergiinzt..
882 1837 919 1864 In
937 1837 1030 1864 Laud.
1052 1836 1075 1863 Α
1094 1835 1122 1872 2,
1144 1837 1159 1866 1
1183 1847 1245 1866 eum
1267 1839 1419 1868 Dominus.

644 1957 669 1988 6.
708 1956 751 1988 De
771 1958 877 1990 saneto
898 1957 1018 1998 Arigio.

931 2048 1045 2080 Redde
1068 2048 1159 2080 nobis

313 2074 329 2106 I
337 2084 358 2106 Π
386 2075 416 2107 1·
443 2076 472 2108 V
483 2083 500 2106 e
510 2084 525 2106 S
534 2083 555 2114 Ρ
564 2083 581 2106 θ
590 2075 624 2106 ri
634 2085 658 2107 S·
979 2095 1138 2127 Christum
1163 2096 1347 2138 propitium,

367 2159 413 2187 Ad
431 2158 610 2196 Magnificat.
928 2142 1027 2174 Omne
1050 2146 1191 2175 nostrum

977 2191 1106 2230 deterge
1132 2191 1253 2230 vitium,

176 2240 216 2273 A.
244 2240 268 2272 O
293 2238 384 2280 Argi,
930 2238 1031 2269 Posce
1054 2237 1145 2269 nobis

294 2294 418 2327 gemma
442 2283 637 2325 pontificum,
977 2285 1061 2316 vitae
1086 2285 1229 2318 subsidia

247 2334 392 2367 Clemens
416 2340 528 2373 preces
929 2332 974 2364 Et
997 2334 1071 2372 post
1094 2331 1188 2364 finem

293 2380 409 2414 exaudi
433 2379 622 2422 supplicum,
978 2381 1057 2412 coeli
1082 2381 1212 2419 palatia.
