1651 2588
718 136 974 173 —165—

265 232 350 259 Brev.
377 240 429 260 ms.
450 232 476 260 A
496 241 585 260 uense
612 241 688 260 saec.
715 231 758 261 15.
780 233 849 261 Cod.
869 233 995 261 Parisin.
1028 229 1109 261 1061.
1129 231 1164 259 A.
1189 246 1227 251 -
1252 232 1337 260 Brev.
1358 232 1493 269 Aquense

190 269 260 304 imp.
281 270 417 307 Lugduni
438 268 474 298 14
494 268 521 297 9.
540 270 572 298 Β.
593 285 630 289 -
650 271 814 308 Zugehfirig
833 272 880 299 die
900 271 1049 306 Hymnen:
1069 271 1101 298 in
1114 270 1216 305 Vesp.:
1237 270 1363 298 Plaudat
1376 271 1491 306 Aquen-

190 308 231 334 sis
249 309 366 343 concio;
387 309 419 335 in
432 308 532 336 Noct.:
552 308 720 336 Jucundare
732 309 891 337 Provincia
897 318 907 345 ,-
928 311 960 337 in
972 309 1079 337 Laud-1
1101 308 1213 336 Chorus
1228 309 1376 336 exsultans
1387 309 1492 344 jubila.

631 437 677 468 62.
717 437 760 468 De
780 438 886 468 sancto
907 438 1047 470 Maximo.

327 517 374 548 In
396 517 427 550 1.
447 517 476 549 V
489 517 669 557 esperis.

402 582 598 619 Antiphonae.

227 665 235 673 .
261 640 342 680 Ave,
367 640 494 679 praesul
519 640 664 681 gloriose,

261 688 341 728 Ave,
367 687 455 720 sidus
477 687 543 726 J‘am
570 687 714 730 eoeleste,

260 733 434 774 Deeorans,
459 734 609 775 Maxime,
637 735 739 766 coelos

261 780 327 813 Nos
352 781 493 821 guberna
517 782 623 813 visens
648 782 783 825 humum,

259 828 326 867 Quo
351 829 505 860 laetemur
528 828 759 868 triumphantes

259 875 305 906 Te
329 878 498 915 patronum
522 878 717 909 venerantes

226 957 233 963 .
259 931 343 963 Dum
368 932 479 971 templi
502 932 587 963 saxis

306 981 452 1010 oneratus
477 981 626 1018 pergeret
650 979 717 1010 axis

259 1025 300 1057 Se
325 1025 422 1057 Satan
447 1025 573 1065 obJ'ecit,

306 1081 395 1112 quem
414 1072 573 1104 Maximus
598 1072 673 1103 inde
689 1072 810 1110 rejecit.

224 1155 232 1162 .
257 1129 334 1161 Vita
357 1129 500 1169 privatus

304 1185 412 1208 morsu
436 1176 522 1207 canis
548 1178 642 1216 atque
666 1179 795 1206 necatus

258 1223 419 1256 Praesulis
444 1223 496 1254 hic
519 1223 632 1255 dextra

305 1273 435 1302 sanatur
461 1273 493 1301 et,
515 1270 601 1301 intus
627 1272 659 1300 et
683 1272 782 1302 extra.

223 1353 230 1362 .
257 1327 413 1359 Sacerdos
439 1327 557 1360 Christi
582 1326 731 1367 Maxime,

259 1374 439 1414 condignus
464 1377 551 1406 tanto
576 1373 711 1412 nomine,

256 1422 414 1462 Rogamus
440 1423 471 1451 te
495 1429 554 1460 per
577 1420 722 1460 gratiam,

258 1469 357 1507 Quam
381 1468 525 1499 meruisti
548 1467 725 1506 maximam,

256 1516 301 1548 Ut
324 1525 382 1547 nos
407 1524 427 1546 a
449 1515 542 1546 malis
566 1514 710 1546 omnibus

255 1563 332 1594 Tuis
359 1561 514 1594 defendas
537 1561 695 1601 precibus.

222 1648 229 1654 .
255 1621 285 1651 A
311 1619 392 1651 bove
416 1621 610 1658 prostratum

303 1667 410 1698 reddit
434 1666 564 1705 praesul
588 1667 789 1705 reparatum;

253 1714 405 1753 Maxime,
433 1713 548 1745 devota

301 1770 464 1793 servorum
486 1760 612 1799 suscipe
635 1762 720 1792 vota.

372 1835 418 1863 Ad
438 1834 617 1870 Magnificat.

215 1920 222 1927 .
253 1895 333 1933 Ave,
360 1902 482 1933 gemma
506 1892 715 1932 sacerdotum,

302 1942 382 1981 Ave,
409 1940 497 1972 sidus
520 1948 659 1980 aureum,

254 1988 456 2021 Hierusalem
480 1988 564 2019 inter
590 1987 673 2019 cives

304 2034 464 2075 refulgens
490 2037 525 2065 ut
547 2032 672 2076 lucifer,

254 2083 342 2115 Audi
365 2090 486 2125 preces,
514 2081 590 2113 audi
615 2084 697 2121 vota,

302 2130 429 2169 suscipe
454 2128 634 2168 praeconia.

312 2224 373 2257 Ad
399 2223 666 2256 Matutinum.

393 2288 609 2316 Invitatorium.

253 2349 418 2381 Adoretur
442 2346 623 2386 praesulum
646 2354 703 2379 rex

254 2396 292 2429 In
316 2395 516 2428 saeculorum
541 2394 677 2434 saecula,

943 517 1086 550 Praesuli
1110 518 1163 558 qui
1188 518 1328 568 Maximo

990 564 1122 597 contulit
1146 566 1304 600 coelestia.

998 679 1044 711 In
1071 678 1102 712 1.
1129 678 1358 712 Nocturno.

1085 743 1279 778 Antiphonae.

908 824 913 830 .
941 800 987 833 Ut
1010 809 1092 833 nova
1115 801 1169 832 lux
1194 801 1310 833 mundo

990 847 1164 887 procedens
1188 851 1352 880 stemmate
1378 849 1462 880 claro

942 894 1099 927 Virtutum
1124 894 1223 926 titulis

986 942 1145 973 Maximus
1171 942 1293 974 enituit.

909 1025 914 1030 .
942 998 1063 1030 Indolis
1088 998 1232 1037 egregiae

987 1053 1067 1084 puer
1091 1045 1133 1075 ad
1157 1045 1304 1076 sublimia
1325 1045 1409 1077 vitae

938 1091 1084 1123 Praemia
1107 1091 1267 1131 tendebat,

987 1147 1043 1170 vas
1069 1137 1196 1169 deitatis
1222 1141 1298 1171 erat.

908 1218 915 1225 .
941 1194 1117 1227 Monachus
1143 1194 1270 1227 effectus

986 1241 1112 1273 humilis
1130 1240 1191 1273 fuit
1207 1244 1301 1281 atque
1316 1243 1487 1284 modestus,

940 1289 1060 1321 Ordine
1083 1289 1250 1329 posterior,

988 1336 1046 1368 sed
1070 1335 1230 1376 probitate
1253 1336 1351 1375 prior.

1076 1419 1282 1454 Responsoria.

905 1503 912 1509 .
937 1475 1034 1509 Pater
1059 1477 1169 1516 almus,
1194 1477 1362 1509 sanctitate

985 1524 1143 1556 Maximus
1170 1527 1201 1555 et
1224 1524 1359 1565 nomine,

940 1572 1036 1604 Velut
1056 1571 1152 1611 jubar
1174 1572 1362 1603 matutinum

988 1619 1082 1651 Ortus
1107 1618 1208 1658 stirpe
1234 1619 1363 1659 prodiit,

941 1665 1072 1697 Gemma
1096 1664 1185 1696 fulsit
1210 1667 1408 1698 sacerdotum

985 1713 1135 1745 virtutum
1160 1713 1348 1754 praeconiis,

898 1787 905 1794 .
936 1761 1017 1800 Quia
1040 1760 1150 1792 mundi
1173 1760 1295 1799 sprevit
1317 1764 1429 1793 cuncta

986 1808 1127 1840 ambiens
1153 1807 1311 1840 coelestia.

904 1889 912 1897 .
939 1865 1056 1897 Christi
1081 1873 1160 1904 puer
1183 1864 1346 1896 literarum

985 1913 1122 1944 traditus
1147 1912 1189 1943 ad
1213 1912 1329 1954 studia,

938 1959 1081 1992 Liberali
1105 1959 1174 1990 sine
1199 1957 1284 1992 fastu

985 2005 1092 2038 floruit
1115 2006 1257 2046 scientia,

897 2079 904 2086 .
935 2054 1066 2094 Absque
1090 2062 1179 2085 mora
1203 2053 1345 2085 eruditus

987 2102 1068 2133 dono
1094 2101 1196 2133 sancti
1221 2100 1362 2140 spiritus.

904 2181 911 2188 .
940 2158 1071 2190 Praesul
1093 2166 1155 2190 non
1180 2159 1293 2197 sponte

984 2204 1122 2246 Regensi
1147 2203 1249 2236 factus
1272 2202 1306 2236 in
1330 2205 1418 2249 urbe,

937 2251 1063 2286 Profuit
1088 2252 1232 2292 exemplo

984 2300 1093 2332 multis
1117 2300 1209 2331 simul
1235 2302 1267 2331 et
1290 2300 1487 2342 documento,

867 2348 905 2380 V.
944 2347 1089 2389 Congrua
1113 2347 1265 2387 subjectis

984 2395 1141 2436 praebens
1165 2395 1317 2427 alimenta
1339 2396 1462 2432 salutis,
