1650 2587
671 82 925 117 —104—

159 182 189 213 2.
215 180 297 212 Erat
321 179 404 211 enim
429 178 563 219 pulchra
588 177 681 210 valde

263 227 349 258 Inter
374 235 479 257 omnes
504 223 647 263 feminas,

219 274 312 305 Nunc
337 281 406 304 cum
430 272 545 304 sanctis
570 271 722 310 gloriatur

263 320 325 352 Dei
353 328 482 351 cernens
509 317 631 351 faciem.

162 378 192 410 3.
218 376 309 407 Dixit
331 384 464 414 namque
487 374 667 407 Katharina

264 422 439 461 Imperanti
463 421 616 461 pessimo:

217 469 271 500 Dii
295 468 341 500 tui
365 477 426 499 non
451 469 621 508 loquuntur

265 515 334 547 Nec
359 515 543 547 discernunt
566 513 681 553 aliqua.

358 587 562 623 Responsoria.

164 647 194 678 1.
222 645 426 676 Nobilissima
450 644 558 684 regina

267 691 447 724 Katharina
475 699 597 732 genere,

223 738 287 770 Sed
312 738 448 770 nobilior
472 739 598 777 virtute,

270 785 330 817 Dei
354 785 449 824 plena
473 785 584 825 gratia,

149 833 184 864 V.
215 832 317 863 Deum
340 832 459 863 habens
484 835 693 871 protectorem

219 879 290 910 Non
315 882 464 918 tyrannos
488 879 694 919 pertimescit,

265 925 334 957 Nec
357 926 499 957 adversis
524 924 688 965 frangitur.

163 984 194 1014 2.
221 982 338 1014 Sancta
362 981 449 1022 virgo
474 981 652 1013 Katharina

266 1028 362 1068 Regis
386 1028 509 1059 intrans
534 1028 659 1069 atrium,

220 1075 328 1107 Crucis
352 1075 474 1114 signum
499 1073 603 1106 fronte
623 1082 769 1113 premens

267 1122 358 1153 Dixit
381 1122 421 1153 ad
446 1121 660 1153 Maxentium:

153 1170 189 1201 V.
219 1170 393 1209 Insensate,
419 1168 493 1207 quid
519 1168 632 1199 adoras

218 1215 303 1247 Deos
328 1215 441 1247 surdos
466 1216 534 1246 sine
558 1213 635 1246 flatu

265 1262 310 1293 Et
333 1261 378 1293 sie
402 1262 510 1301 perdis
536 1259 694 1293 animam?

164 1321 194 1352 3.
220 1319 397 1357 Imperator
421 1318 467 1349 ait
488 1317 554 1350 illi:

270 1365 365 1404 Cujus
390 1373 423 1395 es
447 1367 482 1395 tu
505 1362 581 1404 filia,

221 1413 287 1443 Aut
310 1411 403 1451 quale
427 1414 475 1442 est
497 1419 609 1443 nomen
633 1413 729 1443 tuum.

269 1459 367 1498 Rogo,
393 1458 483 1489 nobis
507 1457 636 1489 indica?

151 1507 186 1537 V.
219 1506 264 1537 Et
287 1505 482 1545 respondens
507 1504 692 1536 benedicta:

221 1552 401 1585 Katharina
426 1561 522 1584 vocor
548 1560 613 1591 ego,

267 1598 352 1631 Costi
377 1599 459 1638 regis
484 1598 559 1630 filia.

286 1692 330 1723 In
358 1692 387 1725 2.
415 1691 638 1724 Nocturn0.

364 1755 557 1791 Antiphonae.

164 1815 194 1847 1.
220 1813 281 1844 Dei
304 1814 381 1844 nutu
405 1812 493 1852 virgo
517 1821 598 1850 pura

269 1859 438 1899 Superavit
461 1859 603 1890 rhetores

220 1906 264 1938 Et
289 1906 452 1938 credentes
478 1914 530 1938 eos
556 1904 633 1937 fecit

267 1953 467 1986 Orthodoxae
489 1952 575 1985 fidei.

164 2012 194 2043 2.
221 2010 315 2050 Signo
342 2010 443 2041 crucis
467 2009 655 2049 praemuniti

266 2060 297 2089 A
322 2057 416 2088 beata
439 2055 560 2096 virgine

221 2103 380 2142 Baptizati
405 2106 478 2134 sunt
501 2104 534 2134 in
558 2103 631 2142 igne

267 2150 359 2182 Facti
381 2153 537 2190 martyres
562 2149 633 2182 Dei.

166 2209 197 2240 3.
222 2206 267 2238 Et
289 2206 409 2238 inventi
435 2210 508 2238 sunt
531 2206 634 2237 illaesi

267 2254 330 2285 Per
354 2253 490 2285 divinam
513 2253 643 2292 gratiam

220 2299 265 2331 Et
288 2300 329 2331 ad
354 2303 459 2331 coetus
483 2302 556 2332 sunt
580 2299 726 2339 perducti

269 2346 438 2379 Beatorum
462 2347 604 2387 gloriam.

1035 173 1240 208 Responsoria.

842 232 871 266 1.
897 232 1089 273 Martyrium
1115 230 1234 267 sitiens,

940 278 1092 311 libamina
1118 276 1260 309 Caesaris
1286 276 1428 314 horrens,

894 325 1063 357 Exclamat
1087 323 1256 361 Christum,

941 374 1069 411 praeter
1075 379 1165 410 quem
1171 369 1217 400 nil
1224 368 1448 411 venerandum,

826 420 864 451 V.
895 418 1078 451 Daemoniis
1102 418 1197 457 plena

942 467 1016 497 sunt
1040 465 1128 500 haec,
1159 463 1214 502 ait,
1240 462 1329 495 idola
1351 463 1448 494 muta.

838 523 869 553 2.
895 522 965 562 Ego
989 529 1066 552 vero
1092 519 1279 559 desponsari

942 576 1061 599 summo
1085 567 1152 607 regi
1178 566 1281 606 cupio,

898 615 944 647 Ut
976 623 1037 646 non
1062 614 1186 646 tradam
1211 622 1325 653 corpus
1347 621 1450 644 meum

944 662 977 693 in
1002 661 1176 701 gehennam
1200 661 1378 702 pessimam,

832 709 871 742 V.
901 709 1009 748 Ipsum
1034 717 1159 748 semper
1184 707 1349 747 concupivi

898 756 943 787 Et
966 756 1074 796 optavi
1098 754 1176 787 mihi
1200 763 1348 794 sponsum

945 804 1126 836 Creatorem
1152 802 1298 834 omnium.

841 860 872 892 3.
896 859 1036 899 Fulgens
1060 859 1149 899 virgo
1174 858 1353 890 Katharina

945 907 1060 939 Sancto
1085 907 1180 945 plena
1204 906 1328 947 spiritu,

897 952 969 984 Non
997 952 1128 984 timebat
1151 961 1269 992 poenas
1293 953 1375 984 latas

942 998 1009 1031 Sibi
1034 1008 1091 1038 per
1117 998 1290 1040 carnifices,

827 1046 865 1078 V.
895 1046 1126 1078 Blandimentis
1151 1054 1213 1078 non
1237 1048 1389 1084 movetur,

897 1094 1002 1133 Atque
1026 1093 1117 1124 minis
1142 1101 1204 1124 non
1229 1095 1367 1124 terretur

943 1139 1072 1171 Habens
1096 1148 1184 1179 spem
1209 1139 1241 1170 in
1267 1139 1412 1171 Domino.

959 1234 1006 1266 In
1033 1234 1064 1266 3.
1090 1233 1319 1267 Nocturn0.

1042 1297 1235 1333 Antiphonae.

842 1355 872 1388 1.
899 1355 994 1395 Virgo
1019 1355 1155 1394 gloriosa
1178 1355 1358 1386 Katharina

900 1402 1008 1434 Cilicio
1034 1402 1174 1433 membra
1199 1401 1355 1443 domabat,

898 1449 998 1480 Deum
1024 1449 1189 1488 gemitibus
1215 1449 1376 1480 exorabat.

840 1506 871 1538 2.
897 1505 975 1537 Cum
999 1507 1082 1536 esset
1106 1505 1212 1536 adhuc
1233 1505 1266 1536 in
1291 1504 1382 1536 annis

898 1552 995 1591 Virgo
1020 1552 1203 1592 puerilibus,

900 1598 988 1630 Caris
1014 1598 1126 1629 orbata
1149 1598 1334 1638 parentibus

899 1644 1012 1676 Mundi
1035 1645 1228 1677 renuntiavit
1252 1646 1374 1685 opibus

844 1704 875 1735 3.
900 1700 1081 1733 Maxentius
1104 1701 1203 1733 instat
1226 1702 1340 1742 impius

901 1747 976 1780 Cum
1001 1747 1157 1780 idolorum
1180 1749 1325 1793 cultibus,

898 1795 1009 1827 Puella
1032 1804 1109 1826 voce
1132 1796 1235 1827 libera

900 1842 989 1873 Haec
1010 1845 1092 1882 sunt,
1124 1844 1248 1881 clamat,
1277 1844 1451 1885 daemonia,

897 1889 1005 1921 Jesum
1025 1889 1181 1921 Christum
1202 1891 1302 1922 solum
1319 1889 1452 1936 [Deum]

900 1935 1069 1968 Praedicat
1092 1946 1126 1968 os
1153 1937 1337 1978 virgineum.

1036 2011 1244 2047 Responsoria.

844 2066 874 2098 1.
900 2067 1023 2100 Umbra
1047 2069 1150 2100 earnis
1174 2078 1263 2101 meae
1288 2071 1404 2102 transit

948 2118 1043 2154 atque
1067 2116 1324 2156 pulchritudinis,

902 2161 998 2194 Unde
1020 2162 1094 2193 nolo
1120 2163 1273 2195 delectari

945 2208 1055 2240 mundi
1079 2209 1171 2249 hujus
1195 2211 1334 2251 gaudiis;

831 2253 869 2284 V.
899 2253 1072 2293 Imperanti
1098 2256 1179 2288 dixit
1203 2257 1309 2297 virgo:

901 2300 1003 2332 Deum
1025 2311 1134 2334 verum
1161 2304 1255 2335 crede
1278 2312 1400 2336 mecum

947 2348 990 2379 Et
1015 2349 1152 2382 salvabis
1177 2350 1322 2385 animam.
