1651 2588
726 120 984 156 —185—

220 213 253 244 4.
277 211 432 252 Egregius

280 259 413 291 Athleta
438 261 558 294 Christi
583 262 730 294 Nicasius

280 307 318 337 In
343 307 465 338 unitate
490 308 643 341 trinitatis
668 309 818 342 fundatus

278 354 355 385 Post
382 354 564 387 donativum
590 357 711 396 gratiae

278 400 354 432 Cum
382 401 503 433 duobus
530 404 694 443 discipulis

279 447 394 480 Gladio
419 451 583 482 truncatus

277 495 389 528 Coelos
413 497 528 536 petivit
550 498 701 537 sanguine

275 542 461 576 Laureatus.

237 615 244 621 .
274 590 378 622 Felici
403 593 590 624 commercio

278 638 339 669 Pro
362 639 497 670 terrenis
521 640 670 671 coelestia

275 685 338 716 Pro
360 685 511 724 perituris
534 690 664 718 aeterna

277 731 488 765 CommutanS.

363 875 409 907 1n
434 874 665 906 Laudibus.

415 949 610 984 Antiphonae.

239 1042 245 1048 .
274 1015 480 1048 Venerandus
506 1015 695 1047 Christicola

273 1062 409 1094 Currens
434 1062 536 1093 laetus
561 1062 603 1093 ad
628 1062 771 1101 praemia

271 1109 495 1148 Triumphavit
520 1109 679 1140 diabolum

269 1156 332 1187 Per
356 1157 518 1196 sanguinis
544 1156 774 1189 commercium.

237 1250 243 1255 .
268 1222 407 1261 Cumque
430 1231 541 1254 manus
568 1221 725 1254 carnificis

269 1269 379 1301 Sitiret
405 1270 521 1302 undam
547 1270 707 1309 sanguinis

270 1316 349 1347 Tres
376 1317 569 1356 consumpsit
592 1317 625 1347 in
650 1316 767 1356 gladio,

270 1363 353 1401 Quos
379 1363 494 1395 obtulit
519 1363 683 1395 altissimo.

233 1445 241 1453 .
268 1420 403 1452 Peracta
428 1420 525 1451 caede
548 1420 632 1452 lanio

270 1467 357 1498 Pede
381 1466 484 1498 fertur
508 1468 705 1507 retrogrado,

267 1513 429 1554 Linquens
454 1516 635 1547 sanctorum
661 1523 794 1553 corpora

266 1562 377 1593 Palam
402 1560 480 1593 feris
505 1562 658 1601 exposita.

902 218 933 250 4.
960 216 1098 256 Surgunt
1122 217 1251 249 tandem
1268 220 1342 256 post
1356 215 1511 247 morulam

959 264 1022 296 Per
1047 263 1174 296 Domini
1200 264 1408 303 clementiam,

959 310 1051 342 Ulnis
1078 312 1239 351 imponunt
1265 311 1370 351 capita

957 357 1001 389 Et
1024 355 1139 390 flumen
1164 359 1247 398 pede
1270 360 1476 390 transmeant.

925 439 932 445 .
957 413 1168 453 Exponuntur
1192 415 1359 447 mausoleis

957 461 987 491 A
1011 464 1155 493 matrona
1178 462 1355 502 praenobili

957 508 1063 547 Atque
1085 509 1118 540 in
1143 510 1214 540 sinu
1237 509 1369 549 gurgitis

956 554 1133 587 Ecclesiam
1157 556 1248 595 plebs
1274 556 1427 587 condidit.

1066 640 1111 667 Ad
1131 639 1314 667 Benedictus.

919 731 926 737 .
955 705 1115 744 Martyres
1142 707 1268 748 egregii,

955 751 1075 794 Nicasi,
1103 754 1232 792 Quirine

955 801 1005 830 Ac
1029 799 1204 840 Sounicu1e‚

955 846 1014 885 Qui
1038 850 1111 885 post
1133 848 1283 878 immania

955 893 1127 925 Tormenta
1150 895 1370 933 triumphastis

955 940 1068 972 Coram
1091 941 1220 972 coelesti
1244 950 1319 981 rege

954 986 1113 1019 Facinora
1136 991 1246 1020 nostra

954 1033 1094 1065 Assidua
1117 1043 1214 1073 prece

953 1079 1084 1114 Diluite,

1014 1193 1060 1225 In
1087 1196 1117 1226 2.
1144 1194 1253 1234 Vesp
1264 1195 1360 1227 eris.

1071 1269 1116 1296 Ad
1136 1268 1313 1305 Magnificat-

915 1349 922 1355 .
954 1326 1119 1367 Samum-e,
1145 1330 1263 1366 sancte,
1289 1328 1423 1368 miseris,

950 1372 1029 1404 Esto
1054 1374 1197 1412 placatus
1223 1375 1368 1414 servulis,

953 1419 1079 1452 Nostris
1104 1420 1210 1453 faveto
1236 1422 1374 1459 vocibuS,

955 1466 1071 1506 Culpas
1095 1469 1178 1508 laxa,
1204 1478 1280 1508 quas
1307 1467 1447 1508 fecimus,

952 1514 1141 1547 Adstantem
1165 1516 1290 1556 plebem
1315 1516 1439 1558 robora,

953 1560 1112 1594 Christum
1137 1572 1195 1602 pro
1222 1564 1341 1595 cunctis
1366 1564 1476 1603 rogita.

267 1627 387 1662 Antiph.
402 1635 454 1654 ms.
469 1626 498 1654 S.
514 1626 690 1654 Catharinae
703 1626 738 1654 de
751 1625 892 1661 Monteff)
912 1634 986 1653 saec.
1003 1623 1075 1654 ¹4215.
1101 1628 1170 1656 Cod.
1184 1628 1374 1663 Rotomagen.
1389 1626 1453 1655 254.
1465 1644 1501 1648 —

191 1665 227 1692 In
247 1663 273 1691 2.
294 1665 380 1692 Noct.
400 1663 422 1691 Α
444 1662 470 1698 3,
491 1662 509 1690 2
527 1664 653 1692 Exectus
675 1665 825 1692 cervicem.

589 1765 637 1796 70.
678 1765 722 1796 De
742 1772 768 1796 s,
787 1765 910 1797 Nicolao
932 1764 1104 1798 Tolentino.

327 1837 374 1869 In
401 1837 432 1869 1.
458 1837 676 1876 Vesperis.

405 1892 601 1927 Antiphonae.

205 1942 237 1974 1.
269 1941 425 1983 Christus,
452 1941 514 1972 Dei
538 1941 639 1981 patris

261 1988 382 2020 Sedens
406 1989 440 2019 in
466 1989 608 2028 dextera,

262 2036 383 2068 Ruinas
408 2035 562 2075 adimplet

262 2083 447 2115 Sanctorum
476 2085 615 2122 caterva,

260 2131 427 2163 Nicolaum
451 2130 560 2162 locans

259 2179 348 2210 lnter
372 2178 453 2209 haec
476 2178 610 2218 agmina.

227 2264 233 2269 .
260 2235 389 2269 Fidelia
413 2234 542 2267 Domini

259 2283 417 2315 Mandata
438 2282 581 2314 servanti

258 2332 364 2363 Bonus
388 2330 570 2362 intellectus

259 2380 368 2419 Atque
392 2378 488 2410 timor
512 2379 649 2421 sanctus⁷

949 1836 1131 1876 Sapientiae
1154 1835 1226 1869 fons

944 1882 1104 1923 Perpetuo
1130 1885 1246 1917 adsunt

947 1931 992 1963 Et
1015 1932 1101 1971 apud
1127 1933 1268 1964 homines

948 1979 1103 2011 Constans
1127 1980 1280 2012 laudatio.

888 2037 919 2068 3.
941 2035 1081 2067 Timenti
1104 2036 1274 2067 Dominum

946 2082 1069 2115 Cuncta
1088 2085 1327 2126 prosperantur,

943 2129 1085 2169 Ejusque
1109 2139 1268 2162 sermones

945 2177 1037 2210 Juste
1063 2177 1283 2218 disponuntur,

945 2223 990 2255 Et
1013 2224 1118 2257 anima
1143 2228 1254 2257 sancta

944 2270 1031 2302 Luce
1055 2273 1208 2305 radiatur.

887 2330 919 2363 4.
946 2329 1031 2361 Puer
1054 2329 1156 2362 Deum
1181 2331 1292 2362 laudat

946 2375 1072 2408 Affectu
1096 2387 1158 2410 non
1183 2387 1293 2419 parvo,
