1650 2587
728 93 983 128 —247—

269 185 435 224 Quaesitus
461 187 594 227 capitur,

314 232 823 277 trahiturprcmiturqueflagellis,

201 277 238 313 V.
271 279 334 311 Sed
359 289 446 312 mens
472 280 538 312 fida
564 282 638 322 Deo,

319 327 405 359 nullo
430 328 559 359 turbata
582 330 713 369 periclo,

271 373 406 413 Respuit
429 375 575 406 hostilem

318 419 395 452 forti
419 422 537 454 virtute
560 421 707 454 furorem.

213 477 243 509 4.
270 476 354 508 Dum
380 475 553 509 furibunda
574 488 686 510 manus

318 524 468 563 pulchros
502 527 632 557 extensa
652 535 711 566 per
735 530 822 559 artus

270 570 391 602 Ictibus
415 572 559 611 instaret,

316 618 474 650 Taurinus
498 619 577 651 talia
601 620 735 659 supplex

271 665 408 697 Orabat:
435 666 550 697 misere
575 667 643 698 seni

314 712 391 751 jam,
419 712 553 754 Christe,
579 714 714 753 roganti.

199 757 237 792 V.
269 759 409 791 Auditur
431 769 493 791 vox
520 760 616 801 digna
640 761 711 801 sibi,

315 806 394 837 satis
418 809 495 846 apta
514 807 626 839 saluti.-

267 852 317 884 Ne
341 857 473 893 metuas,
499 854 573 893 quia
596 864 662 886 sum

318 900 404 932 dulci
428 901 581 933 solamine
604 904 716 933 tecum.

330 1022 377 1053 In
403 1023 434 1055 3.
460 1022 689 1054 Nocturno.

412 1095 459 1122 Ad
479 1095 607 1123 Cantica.

195 1153 236 1185 A.
267 1152 355 1186 Ultio
376 1153 520 1185 coelestis

313 1208 387 1230 mox
411 1203 460 1231 est
483 1200 625 1232 immissa
648 1202 787 1243 tyranni,

266 1248 464 1287 Arentesque
487 1256 598 1280 manus

314 1294 460 1326 vacuavit
482 1294 620 1334 pristina
643 1295 754 1329 virtus,

402 1378 609 1414 Responsoria.

206 1445 236 1479 1.
264 1444 444 1477 Vincuntur
467 1453 599 1485 poenae,

311 1490 500 1532 franguntur
522 1492 681 1531 praesidis
705 1492 782 1533 irae,

265 1539 318 1570 Fit
344 1539 477 1578 gemitus
504 1540 570 1571 cari

310 1587 429 1625 passim
455 1595 513 1625 pro
538 1584 650 1618 funere
674 1588 740 1618 nati

261 1633 306 1665 Et
330 1635 423 1672 pater
446 1634 605 1673 ingentem

310 1680 428 1712 retinet
452 1680 510 1711 sub
537 1681 634 1713 corde
657 1680 815 1721 dolorem3

191 1726 226 1759 V.
258 1727 365 1759 Anxia
387 1730 462 1760 tunc
486 1730 588 1759 mater

310 1775 364 1814 pia
397 1777 529 1815 pectora
557 1774 683 1807 fletibus
707 1775 820 1816 implet

261 1822 496 1862 Taurinumque
525 1823 590 1854 suis

308 1870 413 1908 poscit
437 1878 622 1902 succurrere
646 1869 738 1903 votis.

203 1926 235 1959 2.
262 1926 316 1957 Ad
343 1926 463 1957 coelum
488 1926 622 1958 tendens
648 1927 753 1959 oculos

308 1972 427 2012 pietate
453 1973 584 2005 decoros

261 2020 362 2051 Fudit
386 2016 555 2052 clamorem

307 2067 420 2099 devoto
447 2067 544 2099 corde
567 2066 712 2099 fidelem:

260 2114 324 2147 Hic
349 2117 404 2146 tua
425 2115 467 2147 sit
491 2114 602 2156 virtus,

306 2161 405 2202 Deus,
431 2170 463 2193 es
481 2161 535 2201 qui
551 2165 685 2202 perpete
702 2171 813 2203 verus3

188 2211 226 2244 V.
260 2210 304 2243 Ut
329 2210 441 2242 credat
464 2209 610 2249 populus,

308 2260 419 2296 surgat
443 2264 522 2296 puer
544 2257 605 2288 iste
629 2256 774 2289 Marinus

257 2303 480 2344 Percipiatque
504 2302 600 2335 fidem

309 2351 416 2385 divino
442 2350 532 2383 fonte
554 2360 735 2392 perennem.

895 193 927 224 3.
952 186 1068 223 Inclita
1092 194 1168 224 tunc
1191 193 1275 224 veris

996 236 1163 270 firmantur
1186 240 1301 278 gaudia
1325 239 1433 280 signis,

951 284 1114 316 Exanimis
1136 285 1245 326 vitam,

995 332 1114 364 lavacri
1129 332 1220 372 plebs
1236 332 1353 373 accipit
1373 334 1500 374 undam,

950 379 1153 419 Augeturque
1176 379 1246 418 pius

998 427 1180 458 credentum
1205 426 1349 458 examine
1368 425 1499 461 fructus,

883 472 919 505 V.
949 472 1092 511 Denique
1116 473 1316 513 Paschasius,

997 519 1092 551 simili
1116 519 1172 551 sub
1198 518 1309 552 funere
1333 529 1470 560 pressuS‚

950 565 1055 597 Sensit
1078 567 1191 598 adesse
1213 576 1301 598 suam

996 612 1126 645 Taurini
1149 623 1277 645 munere
1302 614 1410 646 vitam.

890 689 921 720 4.
949 688 1120 726 Postquam
1143 688 1327 728 magnificus

996 734 1122 766 Domini
1146 735 1302 766 Taurinus
1327 736 1445 767 amicus

948 781 1120 813 Missarum
1147 782 1248 821 dignis

995 828 1058 867 egit
1080 829 1231 860 solemnia
1255 829 1347 867 votis,

948 874 1074 906 Blanda
1097 876 1169 914 piae
1193 876 1278 907 vocis

997 922 1115 953 donans
1139 923 1292 954 solamina
1315 922 1410 966 plebi,

944 968 1103 1000 Reddidit
1125 969 1276 1008 angelicis

992 1015 1127 1046 animam
1157 1024 1225 1047 cum
1249 1024 1328 1055 pace
1353 1017 1497 1053 catervis,

878 1061 915 1093 V.
947 1060 1108 1093 Scandens
1133 1062 1174 1093 ad
1199 1063 1335 1101 patriam

996 1106 1082 1139 felici
1106 1112 1211 1139 mente
1233 1117 1400 1148 supernam

950 1154 1192 1195 Percipiensque
1215 1157 1300 1195 piam

996 1201 1090 1241 digna
1114 1204 1260 1235 mercede
1285 1211 1440 1237 coronam,

1035 1361 1080 1393 In
1105 1361 1336 1396 Laudibus,

1091 1444 1284 1480 Antiphonae.

891 1513 920 1544 1.
947 1512 971 1544 O
998 1510 1075 1543 felix
1099 1512 1202 1551 tellus,

993 1567 1073 1598 quac
1096 1561 1158 1590 tam
1188 1559 1368 1591 venerabile
1387 1569 1499 1600 corpus

944 1605 997 1637 Ad
1021 1606 1130 1637 mundi
1154 1607 1314 1644 ‹pecimen

991 1653 1093 1684 tenuit
1115 1653 1287 1694 populique
1311 1653 1455 1687 salutem.

887 1730 919 1763 2.
945 1728 1050 1768 Ipsius
1076 1728 1118 1760 ad
1142 1731 1285 1760 sanctum

995 1776 1173 1808 clarescunt
1200 1785 1274 1808 rura
1298 1777 1499 1815 sepulchrum

944 1822 989 1854 Et
1014 1823 1141 1863 capiunt
1165 1821 1288 1856 firmam

987 1870 1189 1910 languentum
1222 1870 1364 1902 membra
1388 1871 1494 1902 meile-

1268 1919 1342 1951 lam.

887 1995 917 2027 3.
944 1992 1079 2025 Lumina
1103 1992 1298 2033 praebentur

993 2041 1104 2082 caecis,
1132 2039 1252 2072 auditio
1278 2040 1394 2081 surdis,

943 2087 1104 2120 Redditur
1130 2091 1161 2119 et
1184 2088 1333 2128 propriae

992 2136 1085 2167 mutis
1110 2133 1266 2174 perfectio
1291 2135 1426 2175 linguae.

886 2214 918 2245 4,
945 2210 995 2242 Sit
1016 2209 1145 2242 Domini
1169 2213 1311 2242 sanctum

991 2266 1105 2290 nomen
1134 2266 1260 2299 semper
1284 2258 1496 2298 benedictum,

944 2305 1039 2345 CuJ'us
1064 2305 1237 2338 Taurinum

991 2353 1093 2386 virtus
1125 2353 1290 2386 benedixit
1313 2353 1345 2386 in
1372 2364 1493 2388 aevum.
