<?xml version="1.0" encoding="UTF-8"?>
<!DOCTYPE html PUBLIC "-//W3C//DTD XHTML 1.0 Transitional//EN"
    "http://www.w3.org/TR/xhtml1/DTD/xhtml1-transitional.dtd">
<html xmlns="http://www.w3.org/1999/xhtml" xml:lang="en" lang="en">
 <head>
  <title>
</title>
<meta http-equiv="Content-Type" content="text/html;charset=utf-8" />
  <meta name='ocr-system' content='tesseract 3.04.00' />
  <meta name='ocr-capabilities' content='ocr_page ocr_carea ocr_par ocr_line ocrx_word'/>
</head>
<body>
  <div class='ocr_page' id='page_1' title='image "./analectahymnica18drevuoft_00256.png"; bbox 0 0 1650 2587; ppageno 0'>
   <div class='ocr_carea' id='block_1_1' title="bbox 737 124 992 162">
    <p class='ocr_par' dir='ltr' id='par_1_1' title="bbox 737 124 992 162">
     <span class='ocr_line' id='line_1_1' title="bbox 737 124 992 162; baseline -0.016 0"><span class='ocrx_word' id='word_1_1' title='bbox 737 124 992 162; x_wconf 43' lang='lat'>*253—</span> 
     </span>
    </p>
   </div>
   <div class='ocr_carea' id='block_1_2' title="bbox 235 219 803 253">
    <p class='ocr_par' dir='ltr' id='par_1_2' title="bbox 235 219 803 253">
     <span class='ocr_line' id='line_1_2' title="bbox 235 219 803 253; baseline -0.002 -1"><span class='ocrx_word' id='word_1_2' title='bbox 235 220 268 252; x_wconf 79' lang='lat'>3.</span> <span class='ocrx_word' id='word_1_3' title='bbox 293 219 476 253; x_wconf 75' lang='lat' dir='ltr'>Perfectum</span> <span class='ocrx_word' id='word_1_4' title='bbox 501 220 626 252; x_wconf 70' lang='lat' dir='ltr'>Christo</span> <span class='ocrx_word' id='word_1_5' title='bbox 651 219 803 252; x_wconf 75' lang='lat' dir='ltr'>famulum</span> 
     </span>
    </p>
   </div>
   <div class='ocr_carea' id='block_1_3' title="bbox 1086 219 1332 247">
    <p class='ocr_par' dir='ltr' id='par_1_3' title="bbox 1086 219 1332 247">
     <span class='ocr_line' id='line_1_3' title="bbox 1086 219 1332 247; baseline -0.008 0"><span class='ocrx_word' id='word_1_6' title='bbox 1086 219 1130 247; x_wconf 78' lang='lat' dir='ltr'>Ad</span> <span class='ocrx_word' id='word_1_7' title='bbox 1151 219 1332 246; x_wconf 71' lang='lat' dir='ltr'>Benedictus.</span> 
     </span>
    </p>
   </div>
   <div class='ocr_carea' id='block_1_4' title="bbox 289 266 1372 307">
    <p class='ocr_par' dir='ltr' id='par_1_4' title="bbox 289 266 1372 307">
     <span class='ocr_line' id='line_1_4' title="bbox 289 266 1372 307; baseline 0.001 -10"><span class='ocrx_word' id='word_1_8' title='bbox 289 267 404 298; x_wconf 88' lang='lat' dir='ltr'>Petrus</span> <span class='ocrx_word' id='word_1_9' title='bbox 439 269 471 297; x_wconf 81' lang='lat' dir='ltr'>et</span> <span class='ocrx_word' id='word_1_10' title='bbox 495 266 612 298; x_wconf 84' lang='lat' dir='ltr'>Paulus</span> <span class='ocrx_word' id='word_1_11' title='bbox 637 267 842 307; x_wconf 85' lang='lat' dir='ltr'>Trophimum</span> <span class='ocrx_word' id='word_1_12' title='bbox 900 270 938 300; x_wconf 88' lang='lat' dir='ltr'>A.</span> <span class='ocrx_word' id='word_1_13' title='bbox 969 268 1194 307; x_wconf 78' lang='lat' dir='ltr'><strong>Apostolorum</strong></span> <span class='ocrx_word' id='word_1_14' title='bbox 1220 267 1372 306; x_wconf 87' lang='lat' dir='ltr'>principis</span> 
     </span>
    </p>
   </div>
   <div class='ocr_carea' id='block_1_5' title="bbox 221 312 804 778">
    <p class='ocr_par' dir='ltr' id='par_1_5' title="bbox 289 312 801 590">
     <span class='ocr_line' id='line_1_5' title="bbox 290 312 696 346; baseline 0 -1"><span class='ocrx_word' id='word_1_15' title='bbox 290 312 464 345; x_wconf 86' lang='lat' dir='ltr'>Perficiunt</span> <span class='ocrx_word' id='word_1_16' title='bbox 487 314 521 346; x_wconf 88' lang='lat' dir='ltr'>in</span> <span class='ocrx_word' id='word_1_17' title='bbox 545 314 696 346; x_wconf 79' lang='lat' dir='ltr'>cathedra</span> 
     </span>
     <span class='ocr_line' id='line_1_6' title="bbox 291 360 607 400; baseline -0.006 -6"><span class='ocrx_word' id='word_1_18' title='bbox 291 360 470 394; x_wconf 86' lang='lat' dir='ltr'>Pontificali</span> <span class='ocrx_word' id='word_1_19' title='bbox 494 361 607 400; x_wconf 84' lang='lat' dir='ltr'>grat-ia,</span> 
     </span>
     <span class='ocr_line' id='line_1_7' title="bbox 293 407 773 447; baseline 0.006 -10"><span class='ocrx_word' id='word_1_20' title='bbox 293 409 389 446; x_wconf 66' lang='lat' dir='ltr'>Quem</span> <span class='ocrx_word' id='word_1_21' title='bbox 417 407 558 447; x_wconf 83' lang='lat' dir='ltr'>dirigunt</span> <span class='ocrx_word' id='word_1_22' title='bbox 583 409 624 440; x_wconf 86' lang='lat' dir='ltr'>ad</span> <span class='ocrx_word' id='word_1_23' title='bbox 652 408 773 440; x_wconf 84' lang='lat' dir='ltr'>Gallias</span> 
     </span>
     <span class='ocr_line' id='line_1_8' title="bbox 289 454 695 496; baseline 0.002 -10"><span class='ocrx_word' id='word_1_24' title='bbox 289 454 334 486; x_wconf 83' lang='lat' dir='ltr'>Et</span> <span class='ocrx_word' id='word_1_25' title='bbox 358 455 500 486; x_wconf 84' lang='lat' dir='ltr'>nationes</span> <span class='ocrx_word' id='word_1_26' title='bbox 525 454 695 496; x_wconf 83' lang='lat' dir='ltr'>Barbaras,</span> 
     </span>
     <span class='ocr_line' id='line_1_9' title="bbox 291 501 801 542; baseline 0.002 -9"><span class='ocrx_word' id='word_1_27' title='bbox 291 502 350 540; x_wconf 77' lang='lat' dir='ltr'>Qui</span> <span class='ocrx_word' id='word_1_28' title='bbox 371 501 468 534; x_wconf 88' lang='lat' dir='ltr'>fidem</span> <span class='ocrx_word' id='word_1_29' title='bbox 494 502 612 535; x_wconf 80' lang='lat' dir='ltr'><strong>Christi</strong></span> <span class='ocrx_word' id='word_1_30' title='bbox 636 503 801 542; x_wconf 79' lang='lat' dir='ltr'>praedicet</span> 
     </span>
     <span class='ocr_line' id='line_1_10' title="bbox 289 548 709 590; baseline 0 -10"><span class='ocrx_word' id='word_1_31' title='bbox 289 549 530 588; x_wconf 82' lang='lat' dir='ltr'>Ecclesiamque</span> <span class='ocrx_word' id='word_1_32' title='bbox 554 548 709 590; x_wconf 77' lang='lat' dir='ltr'>fabricet3</span> 
     </span>
    </p>

    <p class='ocr_par' dir='ltr' id='par_1_6' title="bbox 221 595 804 778">
     <span class='ocr_line' id='line_1_11' title="bbox 221 595 737 636; baseline 0.004 -9"><span class='ocrx_word' id='word_1_33' title='bbox 221 595 257 629; x_wconf 91' lang='lat' dir='ltr'>V.</span> <span class='ocrx_word' id='word_1_34' title='bbox 289 596 429 628; x_wconf 88' lang='lat' dir='ltr'>Primum</span> <span class='ocrx_word' id='word_1_35' title='bbox 455 596 581 636; x_wconf 89' lang='lat' dir='ltr'>quidem</span> <span class='ocrx_word' id='word_1_36' title='bbox 605 597 737 629; x_wconf 83' lang='lat' dir='ltr'>Arelato</span> 
     </span>
     <span class='ocr_line' id='line_1_12' title="bbox 292 643 648 684; baseline 0 -9"><span class='ocrx_word' id='word_1_37' title='bbox 292 643 496 676; x_wconf 82' lang='lat' dir='ltr'>Praedicavit</span> <span class='ocrx_word' id='word_1_38' title='bbox 518 644 648 684; x_wconf 83' lang='lat' dir='ltr'>populo,</span> 
     </span>
     <span class='ocr_line' id='line_1_13' title="bbox 289 690 804 731; baseline 0.002 -10"><span class='ocrx_word' id='word_1_39' title='bbox 289 690 376 722; x_wconf 87' lang='lat' dir='ltr'>Hinc</span> <span class='ocrx_word' id='word_1_40' title='bbox 400 690 441 722; x_wconf 88' lang='lat' dir='ltr'>ad</span> <span class='ocrx_word' id='word_1_41' title='bbox 466 690 574 729; x_wconf 86' lang='lat' dir='ltr'>plures</span> <span class='ocrx_word' id='word_1_42' title='bbox 599 699 671 722; x_wconf 90' lang='lat' dir='ltr'>suos</span> <span class='ocrx_word' id='word_1_43' title='bbox 696 693 804 731; x_wconf 80' lang='lat' dir='ltr'><strong>gentes</strong></span> 
     </span>
     <span class='ocr_line' id='line_1_14' title="bbox 292 737 618 778; baseline 0 -9"><span class='ocrx_word' id='word_1_44' title='bbox 292 737 412 778; x_wconf 77' lang='lat' dir='ltr'>Dirigit</span> <span class='ocrx_word' id='word_1_45' title='bbox 437 737 618 776; x_wconf 66' lang='lat' dir='ltr'>discipulos</span> 
     </span>
    </p>
   </div>
   <div class='ocr_carea' id='block_1_6' title="bbox 967 314 1521 777">
    <p class='ocr_par' dir='ltr' id='par_1_7' title="bbox 967 314 1415 497">
     <span class='ocr_line' id='line_1_15' title="bbox 972 314 1415 353; baseline -0.009 -5"><span class='ocrx_word' id='word_1_46' title='bbox 972 315 1150 348; x_wconf 81' lang='lat' dir='ltr'><strong>Perfectum</strong></span> <span class='ocrx_word' id='word_1_47' title='bbox 1178 323 1216 346; x_wconf 80' lang='lat' dir='ltr'>ex</span> <span class='ocrx_word' id='word_1_48' title='bbox 1242 314 1415 353; x_wconf 74' lang='lat' dir='ltr'>discipulis,</span> 
     </span>
     <span class='ocr_line' id='line_1_16' title="bbox 970 361 1369 400; baseline -0.005 -6"><span class='ocrx_word' id='word_1_49' title='bbox 970 362 1132 394; x_wconf 87' lang='lat' dir='ltr'>Directum</span> <span class='ocrx_word' id='word_1_50' title='bbox 1155 362 1194 393; x_wconf 87' lang='lat' dir='ltr'>ab</span> <span class='ocrx_word' id='word_1_51' title='bbox 1220 361 1369 400; x_wconf 83' lang='lat' dir='ltr'>apostolis</span> 
     </span>
     <span class='ocr_line' id='line_1_17' title="bbox 967 408 1380 449; baseline -0.005 -8"><span class='ocrx_word' id='word_1_52' title='bbox 967 411 1108 449; x_wconf 89' lang='lat' dir='ltr'>Accepto</span> <span class='ocrx_word' id='word_1_53' title='bbox 1130 409 1202 448; x_wconf 81' lang='lat' dir='ltr'>J&#39;ure</span> <span class='ocrx_word' id='word_1_54' title='bbox 1226 408 1380 448; x_wconf 85' lang='lat' dir='ltr'>praesulis</span> 
     </span>
     <span class='ocr_line' id='line_1_18' title="bbox 970 455 1361 497; baseline -0.008 -8"><span class='ocrx_word' id='word_1_55' title='bbox 970 456 1157 496; x_wconf 85' lang='lat' dir='ltr'><strong>Apostolum</strong></span> <span class='ocrx_word' id='word_1_56' title='bbox 1181 456 1214 487; x_wconf 89' lang='lat' dir='ltr'>in</span> <span class='ocrx_word' id='word_1_57' title='bbox 1239 455 1361 497; x_wconf 74' lang='lat' dir='ltr'>Gallus,</span> 
     </span>
    </p>

    <p class='ocr_par' dir='ltr' id='par_1_8' title="bbox 971 501 1451 590">
     <span class='ocr_line' id='line_1_19' title="bbox 971 501 1451 542; baseline -0.006 -7"><span class='ocrx_word' id='word_1_58' title='bbox 971 503 1063 535; x_wconf 82' lang='lat' dir='ltr'>Nunc</span> <span class='ocrx_word' id='word_1_59' title='bbox 1086 502 1291 542; x_wconf 74' lang='lat' dir='ltr'>Trophilnum</span> <span class='ocrx_word' id='word_1_60' title='bbox 1316 501 1451 533; x_wconf 82' lang='lat' dir='ltr'>assiduis</span> 
     </span>
     <span class='ocr_line' id='line_1_20' title="bbox 971 549 1355 590; baseline -0.005 -8"><span class='ocrx_word' id='word_1_61' title='bbox 971 551 1165 582; x_wconf 81' lang='lat' dir='ltr'>Veneremur</span> <span class='ocrx_word' id='word_1_62' title='bbox 1189 549 1355 590; x_wconf 86' lang='lat' dir='ltr'>obsequiis,</span> 
     </span>
    </p>

    <p class='ocr_par' dir='ltr' id='par_1_9' title="bbox 971 595 1363 637">
     <span class='ocr_line' id='line_1_21' title="bbox 971 595 1363 637; baseline -0.008 -8"><span class='ocrx_word' id='word_1_63' title='bbox 971 597 1014 629; x_wconf 93' lang='lat' dir='ltr'>Ut</span> <span class='ocrx_word' id='word_1_64' title='bbox 1041 598 1107 637; x_wconf 85' lang='lat' dir='ltr'>ejus</span> <span class='ocrx_word' id='word_1_65' title='bbox 1132 605 1188 628; x_wconf 92' lang='lat' dir='ltr'>nos</span> <span class='ocrx_word' id='word_1_66' title='bbox 1208 595 1363 636; x_wconf 84' lang='lat' dir='ltr'>suffragiis</span> 
     </span>
    </p>

    <p class='ocr_par' dir='ltr' id='par_1_10' title="bbox 970 643 1521 777">
     <span class='ocr_line' id='line_1_22' title="bbox 972 643 1367 683; baseline -0.01 -6"><span class='ocrx_word' id='word_1_67' title='bbox 972 644 1022 677; x_wconf 92' lang='lat' dir='ltr'>Ab</span> <span class='ocrx_word' id='word_1_68' title='bbox 1047 643 1189 676; x_wconf 90' lang='lat' dir='ltr'>omnibus</span> <span class='ocrx_word' id='word_1_69' title='bbox 1216 643 1367 683; x_wconf 83' lang='lat' dir='ltr'>contagiis</span> 
     </span>
     <span class='ocr_line' id='line_1_23' title="bbox 973 688 1521 728; baseline -0.007 -6"><span class='ocrx_word' id='word_1_70' title='bbox 973 691 1115 723; x_wconf 87' lang='lat' dir='ltr'>Christus</span> <span class='ocrx_word' id='word_1_71' title='bbox 1149 691 1282 722; x_wconf 87' lang='lat' dir='ltr'>mundos</span> <span class='ocrx_word' id='word_1_72' title='bbox 1308 698 1377 720; x_wconf 90' lang='lat' dir='ltr'>cum</span> <span class='ocrx_word' id='word_1_73' title='bbox 1402 688 1521 728; x_wconf 74' lang='lat' dir='ltr'>angelis</span> 
     </span>
     <span class='ocr_line' id='line_1_24' title="bbox 970 736 1408 777; baseline -0.002 -8"><span class='ocrx_word' id='word_1_74' title='bbox 970 737 1117 769; x_wconf 79' lang='lat' dir='ltr'>Aeternis</span> <span class='ocrx_word' id='word_1_75' title='bbox 1139 738 1252 777; x_wconf 76' lang='lat' dir='ltr'>jungat</span> <span class='ocrx_word' id='word_1_76' title='bbox 1275 736 1408 777; x_wconf 82' lang='lat' dir='ltr'>gaudiis.</span> 
     </span>
    </p>
   </div>
   <div class='ocr_carea' id='block_1_7' title="bbox 220 798 1521 913">
    <p class='ocr_par' dir='ltr' id='par_1_11' title="bbox 220 798 1521 913">
     <span class='ocr_line' id='line_1_25' title="bbox 296 798 1520 838; baseline -0.003 -9"><span class='ocrx_word' id='word_1_77' title='bbox 296 803 381 829; x_wconf 87' lang='lat' dir='ltr'>Brev.</span> <span class='ocrx_word' id='word_1_78' title='bbox 403 801 562 830; x_wconf 82' lang='lat' dir='ltr'>Grassense</span> <span class='ocrx_word' id='word_1_79' title='bbox 585 803 655 837; x_wconf 87' lang='lat' dir='ltr'>imp.</span> <span class='ocrx_word' id='word_1_80' title='bbox 683 810 705 829; x_wconf 92' lang='lat' dir='ltr'>s.</span> <span class='ocrx_word' id='word_1_81' title='bbox 725 802 745 829; x_wconf 85' lang='lat'>1.</span> <span class='ocrx_word' id='word_1_82' title='bbox 769 804 842 829; x_wconf 82' lang='lat' dir='ltr'>eta.</span> <span class='ocrx_word' id='word_1_83' title='bbox 862 800 965 837; x_wconf 60' lang='lat'>(1528).</span> <span class='ocrx_word' id='word_1_84' title='bbox 995 817 1029 821; x_wconf 91' lang='lat'><strong>—</strong></span> <span class='ocrx_word' id='word_1_85' title='bbox 1056 803 1091 830; x_wconf 92' lang='lat' dir='ltr'>In</span> <span class='ocrx_word' id='word_1_86' title='bbox 1116 800 1139 829; x_wconf 96' lang='grc'>1.</span> <span class='ocrx_word' id='word_1_87' title='bbox 1161 802 1247 838; x_wconf 79' lang='lat' dir='ltr'>Vesp.</span> <span class='ocrx_word' id='word_1_88' title='bbox 1269 802 1304 829; x_wconf 85' lang='lat' dir='ltr'>ad</span> <span class='ocrx_word' id='word_1_89' title='bbox 1325 801 1422 836; x_wconf 87' lang='lat' dir='ltr'>Magn.</span> <span class='ocrx_word' id='word_1_90' title='bbox 1445 798 1475 832; x_wconf 86' lang='grc' dir='ltr'>Α,</span> <span class='ocrx_word' id='word_1_91' title='bbox 1505 798 1520 826; x_wconf 96' lang='grc'>1</span> 
     </span>
     <span class='ocr_line' id='line_1_26' title="bbox 221 837 1521 875; baseline -0.003 -8"><span class='ocrx_word' id='word_1_92' title='bbox 221 840 409 868; x_wconf 78' lang='lat' dir='ltr'>Gallicarum.</span> <span class='ocrx_word' id='word_1_93' title='bbox 437 854 472 858; x_wconf 90' lang='lat'><strong>—</strong></span> <span class='ocrx_word' id='word_1_94' title='bbox 501 839 536 866; x_wconf 84' lang='lat' dir='ltr'>In</span> <span class='ocrx_word' id='word_1_95' title='bbox 558 837 582 866; x_wconf 84' lang='lat'>1.</span> <span class='ocrx_word' id='word_1_96' title='bbox 601 840 686 868; x_wconf 80' lang='lat' dir='ltr'>Noct.</span> <span class='ocrx_word' id='word_1_97' title='bbox 711 838 731 865; x_wconf 79' lang='lat' dir='ltr'>R</span> <span class='ocrx_word' id='word_1_98' title='bbox 755 838 779 873; x_wconf 89' lang='lat'>1,</span> <span class='ocrx_word' id='word_1_99' title='bbox 806 838 822 867; x_wconf 89' lang='lat'>9</span> <span class='ocrx_word' id='word_1_100' title='bbox 845 840 949 867; x_wconf 83' lang='lat' dir='ltr'>aditus.</span> <span class='ocrx_word' id='word_1_101' title='bbox 977 855 1012 859; x_wconf 90' lang='lat'><em>-</em></span> <span class='ocrx_word' id='word_1_102' title='bbox 1039 838 1059 866; x_wconf 77' lang='lat' dir='ltr'>R</span> <span class='ocrx_word' id='word_1_103' title='bbox 1082 839 1106 873; x_wconf 83' lang='grc'>1,</span> <span class='ocrx_word' id='word_1_104' title='bbox 1131 837 1164 867; x_wconf 91' lang='grc'>10</span> <span class='ocrx_word' id='word_1_105' title='bbox 1186 839 1223 866; x_wconf 83' lang='lat' dir='ltr'>ad</span> <span class='ocrx_word' id='word_1_106' title='bbox 1243 839 1396 875; x_wconf 83' lang='lat' dir='ltr'>evangelii.</span> <span class='ocrx_word' id='word_1_107' title='bbox 1422 852 1460 856; x_wconf 89' lang='lat'>-—</span> <span class='ocrx_word' id='word_1_108' title='bbox 1485 837 1521 864; x_wconf 83' lang='lat'>111</span> 
     </span>
     <span class='ocr_line' id='line_1_27' title="bbox 220 874 1347 913; baseline 0 -9"><span class='ocrx_word' id='word_1_109' title='bbox 220 876 248 904; x_wconf 75' lang='lat'>2.</span> <span class='ocrx_word' id='word_1_110' title='bbox 267 878 352 905; x_wconf 77' lang='lat' dir='ltr'>Noet.</span> <span class='ocrx_word' id='word_1_111' title='bbox 374 876 396 903; x_wconf 79' lang='lat' dir='ltr'>R</span> <span class='ocrx_word' id='word_1_112' title='bbox 416 874 444 910; x_wconf 80' lang='lat'>3,</span> <span class='ocrx_word' id='word_1_113' title='bbox 465 875 482 904; x_wconf 84' lang='lat'>2</span> <span class='ocrx_word' id='word_1_114' title='bbox 503 877 549 904; x_wconf 78' lang='lat' dir='ltr'>Ad</span> <span class='ocrx_word' id='word_1_115' title='bbox 567 886 599 905; x_wconf 82' lang='lat' dir='ltr'>se</span> <span class='ocrx_word' id='word_1_116' title='bbox 618 879 780 905; x_wconf 76' lang='lat' dir='ltr'>tristantur.</span> <span class='ocrx_word' id='word_1_117' title='bbox 800 892 837 897; x_wconf 92' lang='lat'>——</span> <span class='ocrx_word' id='word_1_118' title='bbox 856 878 893 905; x_wconf 82' lang='lat' dir='ltr'>In</span> <span class='ocrx_word' id='word_1_119' title='bbox 911 875 938 905; x_wconf 77' lang='lat'>3.</span> <span class='ocrx_word' id='word_1_120' title='bbox 956 879 1042 906; x_wconf 75' lang='lat' dir='ltr'>Noet.</span> <span class='ocrx_word' id='word_1_121' title='bbox 1066 876 1086 904; x_wconf 76' lang='lat' dir='ltr'>R</span> <span class='ocrx_word' id='word_1_122' title='bbox 1106 875 1134 909; x_wconf 71' lang='lat'>2,</span> <span class='ocrx_word' id='word_1_123' title='bbox 1154 876 1171 904; x_wconf 82' lang='lat'>5</span> <span class='ocrx_word' id='word_1_124' title='bbox 1192 880 1347 913; x_wconf 74' lang='lat' dir='ltr'>pontoque.</span> 
     </span>
    </p>
   </div>
   <div class='ocr_carea' id='block_1_8' title="bbox 672 986 1088 1017">
    <p class='ocr_par' dir='ltr' id='par_1_12' title="bbox 672 986 1088 1017">
     <span class='ocr_line' id='line_1_28' title="bbox 672 986 1088 1017; baseline -0.002 0"><span class='ocrx_word' id='word_1_125' title='bbox 672 986 716 1017; x_wconf 85' lang='lat'>96.</span> <span class='ocrx_word' id='word_1_126' title='bbox 756 986 798 1017; x_wconf 85' lang='lat' dir='ltr'>De</span> <span class='ocrx_word' id='word_1_127' title='bbox 818 986 924 1017; x_wconf 79' lang='lat' dir='ltr'>sancto</span> <span class='ocrx_word' id='word_1_128' title='bbox 945 986 1088 1017; x_wconf 77' lang='lat' dir='ltr'>Turiano.</span> 
     </span>
    </p>
   </div>
   <div class='ocr_carea' id='block_1_9' title="bbox 365 1065 708 1165">
    <p class='ocr_par' dir='ltr' id='par_1_13' title="bbox 365 1065 708 1165">
     <span class='ocr_line' id='line_1_29' title="bbox 365 1065 708 1104; baseline 0 -6"><span class='ocrx_word' id='word_1_129' title='bbox 365 1066 412 1098; x_wconf 90' lang='lat' dir='ltr'>In</span> <span class='ocrx_word' id='word_1_130' title='bbox 440 1066 469 1098; x_wconf 86' lang='lat'>1.</span> <span class='ocrx_word' id='word_1_131' title='bbox 492 1065 708 1104; x_wconf 80' lang='lat' dir='ltr'>vesperis.</span> 
     </span>
     <span class='ocr_line' id='line_1_30' title="bbox 416 1129 660 1165; baseline -0.004 -8"><span class='ocrx_word' id='word_1_132' title='bbox 416 1129 462 1157; x_wconf 83' lang='lat' dir='ltr'>Ad.</span> <span class='ocrx_word' id='word_1_133' title='bbox 481 1129 660 1165; x_wconf 80' lang='lat' dir='ltr'>Magnifioat.</span> 
     </span>
    </p>
   </div>
   <div class='ocr_carea' id='block_1_10' title="bbox 220 1186 749 1455">
    <p class='ocr_par' dir='ltr' id='par_1_14' title="bbox 220 1186 749 1370">
     <span class='ocr_line' id='line_1_31' title="bbox 220 1186 677 1221; baseline -0.007 -1"><span class='ocrx_word' id='word_1_134' title='bbox 220 1189 261 1220; x_wconf 89' lang='lat' dir='ltr'>A.</span> <span class='ocrx_word' id='word_1_135' title='bbox 293 1189 441 1221; x_wconf 81' lang='lat' dir='ltr'>Exsultet</span> <span class='ocrx_word' id='word_1_136' title='bbox 465 1186 541 1219; x_wconf 88' lang='lat' dir='ltr'>Sion</span> <span class='ocrx_word' id='word_1_137' title='bbox 565 1187 677 1218; x_wconf 83' lang='lat' dir='ltr'>inclita</span> 
     </span>
     <span class='ocr_line' id='line_1_32' title="bbox 292 1234 651 1274; baseline -0.008 -6"><span class='ocrx_word' id='word_1_138' title='bbox 292 1236 355 1267; x_wconf 87' lang='lat' dir='ltr'>Pro</span> <span class='ocrx_word' id='word_1_139' title='bbox 379 1234 516 1267; x_wconf 90' lang='lat' dir='ltr'>filiorum</span> <span class='ocrx_word' id='word_1_140' title='bbox 541 1234 651 1274; x_wconf 84' lang='lat' dir='ltr'>gloria,</span> 
     </span>
     <span class='ocr_line' id='line_1_33' title="bbox 293 1281 749 1321; baseline -0.007 -7"><span class='ocrx_word' id='word_1_141' title='bbox 293 1282 431 1321; x_wconf 73' lang='lat' dir='ltr'>Quorum</span> <span class='ocrx_word' id='word_1_142' title='bbox 455 1281 572 1321; x_wconf 84' lang='lat' dir='ltr'>gaudet</span> <span class='ocrx_word' id='word_1_143' title='bbox 596 1283 749 1320; x_wconf 89' lang='lat' dir='ltr'>perpetuo</span> 
     </span>
     <span class='ocr_line' id='line_1_34' title="bbox 292 1328 641 1370; baseline -0.009 -9"><span class='ocrx_word' id='word_1_144' title='bbox 292 1329 448 1361; x_wconf 72' lang='lat' dir='ltr'>&#39;surianus</span> <span class='ocrx_word' id='word_1_145' title='bbox 475 1328 641 1370; x_wconf 77' lang='lat' dir='ltr'>consortio,</span> 
     </span>
    </p>

    <p class='ocr_par' dir='ltr' id='par_1_15' title="bbox 291 1375 698 1455">
     <span class='ocr_line' id='line_1_35' title="bbox 292 1375 698 1414; baseline -0.007 -6"><span class='ocrx_word' id='word_1_146' title='bbox 292 1377 357 1409; x_wconf 86' lang='lat' dir='ltr'>Piis</span> <span class='ocrx_word' id='word_1_147' title='bbox 383 1378 529 1408; x_wconf 83' lang='lat' dir='ltr'>occurrat</span> <span class='ocrx_word' id='word_1_148' title='bbox 549 1375 698 1414; x_wconf 82' lang='lat' dir='ltr'>precibus</span> 
     </span>
     <span class='ocr_line' id='line_1_36' title="bbox 291 1422 670 1455; baseline -0.008 0"><span class='ocrx_word' id='word_1_149' title='bbox 291 1423 355 1455; x_wconf 81' lang='lat' dir='ltr'>Sua</span> <span class='ocrx_word' id='word_1_150' title='bbox 380 1422 462 1455; x_wconf 75' lang='lat' dir='ltr'>festa</span> <span class='ocrx_word' id='word_1_151' title='bbox 486 1422 670 1454; x_wconf 86' lang='lat' dir='ltr'>colentibus.</span> 
     </span>
    </p>
   </div>
   <div class='ocr_carea' id='block_1_11' title="bbox 358 1534 705 1568">
    <p class='ocr_par' dir='ltr' id='par_1_16' title="bbox 358 1534 705 1568">
     <span class='ocr_line' id='line_1_37' title="bbox 358 1534 705 1568; baseline -0.012 0"><span class='ocrx_word' id='word_1_152' title='bbox 358 1536 420 1568; x_wconf 88' lang='lat' dir='ltr'>Ad</span> <span class='ocrx_word' id='word_1_153' title='bbox 443 1534 705 1568; x_wconf 75' lang='lat' dir='ltr'>Matutinum,</span> 
     </span>
    </p>
   </div>
   <div class='ocr_carea' id='block_1_12' title="bbox 424 1599 641 1627">
    <p class='ocr_par' dir='ltr' id='par_1_17' title="bbox 424 1599 641 1627">
     <span class='ocr_line' id='line_1_38' title="bbox 424 1599 641 1627; baseline -0.009 0"><span class='ocrx_word' id='word_1_154' title='bbox 424 1599 641 1627; x_wconf 83' lang='lat' dir='ltr'>Invitatorium.</span> 
     </span>
    </p>
   </div>
   <div class='ocr_carea' id='block_1_13' title="bbox 291 1657 799 1834">
    <p class='ocr_par' dir='ltr' id='par_1_18' title="bbox 291 1657 799 1744">
     <span class='ocr_line' id='line_1_39' title="bbox 291 1657 799 1697; baseline -0.006 -7"><span class='ocrx_word' id='word_1_155' title='bbox 291 1659 471 1691; x_wconf 90' lang='lat' dir='ltr'>Adoremus</span> <span class='ocrx_word' id='word_1_156' title='bbox 498 1657 657 1690; x_wconf 86' lang='lat' dir='ltr'>Christum</span> <span class='ocrx_word' id='word_1_157' title='bbox 683 1664 799 1697; x_wconf 84' lang='lat' dir='ltr'>rego-m,</span> 
     </span>
     <span class='ocr_line' id='line_1_40' title="bbox 337 1702 726 1744; baseline -0.013 -5"><span class='ocrx_word' id='word_1_158' title='bbox 337 1707 512 1738; x_wconf 86' lang='lat' dir='ltr'>Aeternum</span> <span class='ocrx_word' id='word_1_159' title='bbox 535 1702 726 1744; x_wconf 81' lang='lat' dir='ltr'>pontificem,</span> 
     </span>
    </p>

    <p class='ocr_par' dir='ltr' id='par_1_19' title="bbox 291 1751 708 1834">
     <span class='ocr_line' id='line_1_41' title="bbox 291 1751 708 1791; baseline -0.01 -5"><span class='ocrx_word' id='word_1_160' title='bbox 291 1754 349 1787; x_wconf 90' lang='lat' dir='ltr'>Cui</span> <span class='ocrx_word' id='word_1_161' title='bbox 374 1752 531 1785; x_wconf 85' lang='lat' dir='ltr'>Turianus</span> <span class='ocrx_word' id='word_1_162' title='bbox 556 1751 708 1791; x_wconf 85' lang='lat' dir='ltr'>placitum</span> 
     </span>
     <span class='ocr_line' id='line_1_42' title="bbox 336 1798 692 1834; baseline -0.008 -1"><span class='ocrx_word' id='word_1_163' title='bbox 336 1799 467 1833; x_wconf 80' lang='lat' dir='ltr'>Libavit</span> <span class='ocrx_word' id='word_1_164' title='bbox 490 1798 692 1834; x_wconf 84' lang='lat' dir='ltr'>sacrificium,</span> 
     </span>
    </p>
   </div>
   <div class='ocr_carea' id='block_1_14' title="bbox 232 1912 710 2072">
    <p class='ocr_par' dir='ltr' id='par_1_20' title="bbox 232 1912 710 2072">
     <span class='ocr_line' id='line_1_43' title="bbox 352 1912 710 1946; baseline -0.008 0"><span class='ocrx_word' id='word_1_165' title='bbox 352 1914 398 1946; x_wconf 89' lang='lat' dir='ltr'>In</span> <span class='ocrx_word' id='word_1_166' title='bbox 425 1913 454 1945; x_wconf 82' lang='lat'>1.</span> <span class='ocrx_word' id='word_1_167' title='bbox 482 1912 710 1946; x_wconf 85' lang='lat' dir='ltr'>Nooturno.</span> 
     </span>
     <span class='ocr_line' id='line_1_44' title="bbox 430 1977 625 2014; baseline -0.005 -9"><span class='ocrx_word' id='word_1_168' title='bbox 430 1977 625 2014; x_wconf 81' lang='lat' dir='ltr'>Antiphonae.</span> 
     </span>
     <span class='ocr_line' id='line_1_45' title="bbox 232 2038 584 2072; baseline -0.014 0"><span class='ocrx_word' id='word_1_169' title='bbox 232 2040 262 2072; x_wconf 88' lang='lat'>1.</span> <span class='ocrx_word' id='word_1_170' title='bbox 286 2038 452 2071; x_wconf 82' lang='lat' dir='ltr'>Ecclesiae</span> <span class='ocrx_word' id='word_1_171' title='bbox 476 2045 584 2068; x_wconf 90' lang='lat' dir='ltr'>murus</span> 
     </span>
    </p>
   </div>
   <div class='ocr_carea' id='block_1_15' title="bbox 339 2081 842 2121">
    <p class='ocr_par' dir='ltr' id='par_1_21' title="bbox 339 2081 842 2121">
     <span class='ocr_line' id='line_1_46' title="bbox 339 2081 842 2121; baseline -0.008 -4"><span class='ocrx_word' id='word_1_172' title='bbox 339 2085 464 2118; x_wconf 85' lang='lat' dir='ltr'>Christo</span> <span class='ocrx_word' id='word_1_173' title='bbox 497 2083 682 2115; x_wconf 83' lang='lat' dir='ltr'>moderante</span> <span class='ocrx_word' id='word_1_174' title='bbox 708 2081 842 2121; x_wconf 84' lang='lat' dir='ltr'>futurus,</span> 
     </span>
    </p>
   </div>
   <div class='ocr_carea' id='block_1_16' title="bbox 291 2131 790 2217">
    <p class='ocr_par' dir='ltr' id='par_1_22' title="bbox 291 2131 790 2217">
     <span class='ocr_line' id='line_1_47' title="bbox 291 2131 642 2166; baseline -0.014 0"><span class='ocrx_word' id='word_1_175' title='bbox 291 2133 394 2166; x_wconf 84' lang='lat' dir='ltr'>Gente</span> <span class='ocrx_word' id='word_1_176' title='bbox 417 2131 642 2164; x_wconf 83' lang='lat' dir='ltr'>Britannorum</span> 
     </span>
     <span class='ocr_line' id='line_1_48' title="bbox 336 2178 790 2217; baseline -0.009 -4"><span class='ocrx_word' id='word_1_177' title='bbox 336 2181 493 2213; x_wconf 75' lang='lat' dir='ltr'>&#39;surianus</span> <span class='ocrx_word' id='word_1_178' title='bbox 518 2178 652 2217; x_wconf 86' lang='lat' dir='ltr'>suscipit</span> <span class='ocrx_word' id='word_1_179' title='bbox 676 2180 790 2209; x_wconf 81' lang='lat' dir='ltr'>ortum.</span> 
     </span>
    </p>
   </div>
   <div class='ocr_carea' id='block_1_17' title="bbox 230 2238 806 2421">
    <p class='ocr_par' dir='ltr' id='par_1_23' title="bbox 230 2238 806 2421">
     <span class='ocr_line' id='line_1_49' title="bbox 230 2238 636 2278; baseline -0.015 -6"><span class='ocrx_word' id='word_1_180' title='bbox 230 2241 263 2272; x_wconf 81' lang='lat'>2.</span> <span class='ocrx_word' id='word_1_181' title='bbox 289 2238 354 2271; x_wconf 84' lang='lat' dir='ltr'>Hic</span> <span class='ocrx_word' id='word_1_182' title='bbox 377 2245 458 2278; x_wconf 88' lang='lat' dir='ltr'>puer</span> <span class='ocrx_word' id='word_1_183' title='bbox 483 2245 521 2268; x_wconf 83' lang='lat' dir='ltr'>ex</span> <span class='ocrx_word' id='word_1_184' title='bbox 544 2238 636 2267; x_wconf 88' lang='lat' dir='ltr'>utero</span> 
     </span>
     <span class='ocr_line' id='line_1_50' title="bbox 336 2276 806 2321; baseline -0.013 -3"><span class='ocrx_word' id='word_1_185' title='bbox 336 2276 505 2317; x_wconf 74' lang='lat' dir='ltr'>succensus</span> <span class='ocrx_word' id='word_1_186' title='bbox 528 2291 634 2315; x_wconf 86' lang='lat' dir='ltr'>amore</span> <span class='ocrx_word' id='word_1_187' title='bbox 659 2289 806 2321; x_wconf 87' lang='lat' dir='ltr'>superno,</span> 
     </span>
     <span class='ocr_line' id='line_1_51' title="bbox 286 2331 660 2374; baseline -0.013 -8"><span class='ocrx_word' id='word_1_188' title='bbox 286 2334 407 2374; x_wconf 84' lang='lat' dir='ltr'>Sponte</span> <span class='ocrx_word' id='word_1_189' title='bbox 430 2331 561 2371; x_wconf 82' lang='lat' dir='ltr'>reliquit</span> <span class='ocrx_word' id='word_1_190' title='bbox 585 2339 660 2370; x_wconf 89' lang='lat' dir='ltr'>opes</span> 
     </span>
     <span class='ocr_line' id='line_1_52' title="bbox 337 2377 794 2421; baseline -0.004 -9"><span class='ocrx_word' id='word_1_191' title='bbox 337 2384 368 2412; x_wconf 89' lang='lat' dir='ltr'>et</span> <span class='ocrx_word' id='word_1_192' title='bbox 392 2388 468 2421; x_wconf 79' lang='lat' dir='ltr'>quos</span> <span class='ocrx_word' id='word_1_193' title='bbox 491 2378 604 2411; x_wconf 82' lang='lat' dir='ltr'>habuit</span> <span class='ocrx_word' id='word_1_194' title='bbox 626 2377 794 2419; x_wconf 68' lang='lat' dir='ltr'>genitores</span> 
     </span>
    </p>
   </div>
   <div class='ocr_carea' id='block_1_18' title="bbox 915 1064 1501 1237">
    <p class='ocr_par' dir='ltr' id='par_1_24' title="bbox 915 1064 1501 1237">
     <span class='ocr_line' id='line_1_53' title="bbox 915 1064 1310 1105; baseline -0.008 -7"><span class='ocrx_word' id='word_1_195' title='bbox 915 1067 946 1098; x_wconf 86' lang='lat'>3.</span> <span class='ocrx_word' id='word_1_196' title='bbox 973 1066 1071 1098; x_wconf 86' lang='lat' dir='ltr'>Plura</span> <span class='ocrx_word' id='word_1_197' title='bbox 1092 1064 1310 1105; x_wconf 53' lang='lat' dir='ltr'>philosophico</span> 
     </span>
     <span class='ocr_line' id='line_1_54' title="bbox 1021 1111 1492 1150; baseline -0.004 -6"><span class='ocrx_word' id='word_1_198' title='bbox 1021 1113 1060 1144; x_wconf 86' lang='lat' dir='ltr'>de</span> <span class='ocrx_word' id='word_1_199' title='bbox 1084 1111 1172 1143; x_wconf 82' lang='lat' dir='ltr'>fonte</span> <span class='ocrx_word' id='word_1_200' title='bbox 1196 1111 1307 1142; x_wconf 84' lang='lat' dir='ltr'>bibens</span> <span class='ocrx_word' id='word_1_201' title='bbox 1334 1111 1492 1150; x_wconf 87' lang='lat' dir='ltr'>opulento,</span> 
     </span>
     <span class='ocr_line' id='line_1_55' title="bbox 972 1159 1398 1200; baseline -0.007 -9"><span class='ocrx_word' id='word_1_202' title='bbox 972 1159 1096 1191; x_wconf 77' lang='lat' dir='ltr'>Musica</span> <span class='ocrx_word' id='word_1_203' title='bbox 1121 1166 1209 1197; x_wconf 86' lang='lat' dir='ltr'>quem</span> <span class='ocrx_word' id='word_1_204' title='bbox 1235 1161 1398 1200; x_wconf 80' lang='lat' dir='ltr'>monstrat,</span> 
     </span>
     <span class='ocr_line' id='line_1_56' title="bbox 1018 1207 1501 1237; baseline -0.002 0"><span class='ocrx_word' id='word_1_205' title='bbox 1018 1215 1076 1237; x_wconf 87' lang='lat' dir='ltr'>nec</span> <span class='ocrx_word' id='word_1_206' title='bbox 1101 1208 1226 1236; x_wconf 82' lang='lat' dir='ltr'>cantum</span> <span class='ocrx_word' id='word_1_207' title='bbox 1250 1213 1343 1236; x_wconf 84' lang='lat' dir='ltr'>nosse</span> <span class='ocrx_word' id='word_1_208' title='bbox 1367 1207 1501 1236; x_wconf 81' lang='lat' dir='ltr'>recusat.</span> 
     </span>
    </p>
   </div>
   <div class='ocr_carea' id='block_1_19' title="bbox 912 1262 1504 1435">
    <p class='ocr_par' dir='ltr' id='par_1_25' title="bbox 912 1262 1504 1435">
     <span class='ocr_line' id='line_1_57' title="bbox 912 1262 1344 1301; baseline -0.005 -7"><span class='ocrx_word' id='word_1_209' title='bbox 912 1263 943 1295; x_wconf 86' lang='lat'>4.</span> <span class='ocrx_word' id='word_1_210' title='bbox 971 1262 1183 1294; x_wconf 81' lang='lat' dir='ltr'>Grammatica</span> <span class='ocrx_word' id='word_1_211' title='bbox 1209 1262 1344 1301; x_wconf 83' lang='lat' dir='ltr'>doctum,</span> 
     </span>
     <span class='ocr_line' id='line_1_58' title="bbox 1017 1309 1467 1349; baseline -0.004 -8"><span class='ocrx_word' id='word_1_212' title='bbox 1017 1309 1183 1349; x_wconf 85' lang='lat' dir='ltr'>praedulci</span> <span class='ocrx_word' id='word_1_213' title='bbox 1209 1317 1284 1340; x_wconf 90' lang='lat' dir='ltr'>voce</span> <span class='ocrx_word' id='word_1_214' title='bbox 1309 1309 1467 1341; x_wconf 90' lang='lat' dir='ltr'>melodum</span> 
     </span>
     <span class='ocr_line' id='line_1_59' title="bbox 972 1355 1273 1388; baseline -0.003 -1"><span class='ocrx_word' id='word_1_215' title='bbox 972 1356 1103 1388; x_wconf 84' lang='lat' dir='ltr'>Praesul</span> <span class='ocrx_word' id='word_1_216' title='bbox 1128 1355 1273 1387; x_wconf 87' lang='lat' dir='ltr'>Dolensis</span> 
     </span>
     <span class='ocr_line' id='line_1_60' title="bbox 1018 1401 1504 1435; baseline 0 0"><span class='ocrx_word' id='word_1_217' title='bbox 1018 1404 1078 1435; x_wconf 88' lang='lat' dir='ltr'>sibi</span> <span class='ocrx_word' id='word_1_218' title='bbox 1104 1401 1232 1434; x_wconf 85' lang='lat' dir='ltr'>foedere</span> <span class='ocrx_word' id='word_1_219' title='bbox 1255 1403 1350 1433; x_wconf 77' lang='lat' dir='ltr'>nectit</span> <span class='ocrx_word' id='word_1_220' title='bbox 1379 1402 1504 1435; x_wconf 63' lang='lat' dir='ltr'>amoris</span> 
     </span>
    </p>
   </div>
   <div class='ocr_carea' id='block_1_20' title="bbox 914 1459 1510 1633">
    <p class='ocr_par' dir='ltr' id='par_1_26' title="bbox 914 1459 1510 1633">
     <span class='ocr_line' id='line_1_61' title="bbox 914 1459 1309 1500; baseline -0.005 -8"><span class='ocrx_word' id='word_1_221' title='bbox 914 1462 944 1492; x_wconf 86' lang='lat'>5.</span> <span class='ocrx_word' id='word_1_222' title='bbox 970 1460 1139 1500; x_wconf 80' lang='lat' dir='ltr'>Egregium</span> <span class='ocrx_word' id='word_1_223' title='bbox 1161 1459 1309 1498; x_wconf 84' lang='lat' dir='ltr'>juvenem</span> 
     </span>
     <span class='ocr_line' id='line_1_62' title="bbox 1018 1506 1510 1545; baseline -0.002 -7"><span class='ocrx_word' id='word_1_224' title='bbox 1018 1515 1138 1538; x_wconf 88' lang='lat' dir='ltr'>morum</span> <span class='ocrx_word' id='word_1_225' title='bbox 1169 1506 1330 1545; x_wconf 87' lang='lat' dir='ltr'>probitate</span> <span class='ocrx_word' id='word_1_226' title='bbox 1356 1506 1510 1537; x_wconf 87' lang='lat' dir='ltr'>cluentem</span> 
     </span>
     <span class='ocr_line' id='line_1_63' title="bbox 968 1553 1319 1586; baseline -0.006 0"><span class='ocrx_word' id='word_1_227' title='bbox 968 1553 1163 1586; x_wconf 78' lang='lat' dir='ltr'>omnimodis</span> <span class='ocrx_word' id='word_1_228' title='bbox 1189 1553 1319 1585; x_wconf 81' lang='lat' dir='ltr'>decorat</span> 
     </span>
     <span class='ocr_line' id='line_1_64' title="bbox 1018 1600 1470 1633; baseline -0.002 -1"><span class='ocrx_word' id='word_1_229' title='bbox 1018 1601 1130 1633; x_wconf 85' lang='lat' dir='ltr'>studiis</span> <span class='ocrx_word' id='word_1_230' title='bbox 1157 1600 1344 1632; x_wconf 83' lang='lat' dir='ltr'>coelestibus</span> <span class='ocrx_word' id='word_1_231' title='bbox 1370 1602 1470 1631; x_wconf 79' lang='lat' dir='ltr'>ornat.</span> 
     </span>
    </p>
   </div>
   <div class='ocr_carea' id='block_1_21' title="bbox 915 1657 1521 1838">
    <p class='ocr_par' dir='ltr' id='par_1_27' title="bbox 915 1657 1521 1838">
     <span class='ocr_line' id='line_1_65' title="bbox 915 1657 1327 1690; baseline -0.007 0"><span class='ocrx_word' id='word_1_232' title='bbox 915 1659 944 1690; x_wconf 92' lang='lat'>6.</span> <span class='ocrx_word' id='word_1_233' title='bbox 971 1658 1009 1690; x_wconf 87' lang='lat' dir='ltr'>In</span> <span class='ocrx_word' id='word_1_234' title='bbox 1034 1657 1154 1689; x_wconf 87' lang='lat' dir='ltr'>cunctis</span> <span class='ocrx_word' id='word_1_235' title='bbox 1179 1657 1327 1688; x_wconf 87' lang='lat' dir='ltr'>humilem</span> 
     </span>
     <span class='ocr_line' id='line_1_66' title="bbox 1019 1703 1521 1744; baseline -0.004 -8"><span class='ocrx_word' id='word_1_236' title='bbox 1019 1703 1145 1744; x_wconf 85' lang='lat' dir='ltr'>placido</span> <span class='ocrx_word' id='word_1_237' title='bbox 1179 1704 1235 1735; x_wconf 91' lang='lat' dir='ltr'>sub</span> <span class='ocrx_word' id='word_1_238' title='bbox 1261 1707 1390 1743; x_wconf 84' lang='lat' dir='ltr'>pectore</span> <span class='ocrx_word' id='word_1_239' title='bbox 1414 1703 1521 1734; x_wconf 86' lang='lat' dir='ltr'>mitem</span> 
     </span>
     <span class='ocr_line' id='line_1_67' title="bbox 974 1751 1254 1784; baseline -0.007 0"><span class='ocrx_word' id='word_1_240' title='bbox 974 1751 1084 1784; x_wconf 79' lang='lat' dir='ltr'>Gratia</span> <span class='ocrx_word' id='word_1_241' title='bbox 1111 1752 1254 1782; x_wconf 84' lang='lat' dir='ltr'>coelestis</span> 
     </span>
     <span class='ocr_line' id='line_1_68' title="bbox 1016 1798 1427 1838; baseline -0.002 -8"><span class='ocrx_word' id='word_1_242' title='bbox 1016 1798 1094 1831; x_wconf 85' lang='lat' dir='ltr'>facit</span> <span class='ocrx_word' id='word_1_243' title='bbox 1118 1799 1295 1830; x_wconf 84' lang='lat' dir='ltr'>elucescere</span> <span class='ocrx_word' id='word_1_244' title='bbox 1320 1798 1427 1838; x_wconf 88' lang='lat' dir='ltr'>signis.</span> 
     </span>
    </p>
   </div>
   <div class='ocr_carea' id='block_1_22' title="bbox 1108 1884 1313 1919">
    <p class='ocr_par' dir='ltr' id='par_1_28' title="bbox 1108 1884 1313 1919">
     <span class='ocr_line' id='line_1_69' title="bbox 1108 1884 1313 1919; baseline -0.01 -8"><span class='ocrx_word' id='word_1_245' title='bbox 1108 1884 1240 1919; x_wconf 75' lang='lat' dir='ltr'>Respons</span> <span class='ocrx_word' id='word_1_246' title='bbox 1254 1884 1313 1910; x_wconf 63' lang='lat' dir='ltr'>uria.</span> 
     </span>
    </p>
   </div>
   <div class='ocr_carea' id='block_1_23' title="bbox 901 1941 1467 2210">
    <p class='ocr_par' dir='ltr' id='par_1_29' title="bbox 901 1941 1467 2210">
     <span class='ocr_line' id='line_1_70' title="bbox 914 1941 1359 1981; baseline -0.011 -5"><span class='ocrx_word' id='word_1_247' title='bbox 914 1944 943 1976; x_wconf 85' lang='lat'>1.</span> <span class='ocrx_word' id='word_1_248' title='bbox 970 1944 1094 1976; x_wconf 87' lang='lat' dir='ltr'>Praedo</span> <span class='ocrx_word' id='word_1_249' title='bbox 1118 1941 1227 1973; x_wconf 86' lang='lat' dir='ltr'>furens</span> <span class='ocrx_word' id='word_1_250' title='bbox 1251 1941 1359 1981; x_wconf 86' lang='lat' dir='ltr'>plures</span> 
     </span>
     <span class='ocr_line' id='line_1_71' title="bbox 1016 1987 1467 2028; baseline -0.009 -6"><span class='ocrx_word' id='word_1_251' title='bbox 1016 1989 1159 2022; x_wconf 83' lang='lat' dir='ltr'>incendit</span> <span class='ocrx_word' id='word_1_252' title='bbox 1180 1988 1337 2028; x_wconf 88' lang='lat' dir='ltr'>praesulis</span> <span class='ocrx_word' id='word_1_253' title='bbox 1362 1987 1467 2027; x_wconf 85' lang='lat' dir='ltr'>aedes,</span> 
     </span>
     <span class='ocr_line' id='line_1_72' title="bbox 970 2036 1319 2072; baseline -0.011 -2"><span class='ocrx_word' id='word_1_254' title='bbox 970 2037 1034 2070; x_wconf 89' lang='lat' dir='ltr'>Sed</span> <span class='ocrx_word' id='word_1_255' title='bbox 1060 2036 1182 2069; x_wconf 83' lang='lat' dir='ltr'>veniam</span> <span class='ocrx_word' id='word_1_256' title='bbox 1204 2036 1319 2072; x_wconf 73' lang='lat' dir='ltr'>meruit</span> 
     </span>
     <span class='ocr_line' id='line_1_73' title="bbox 1019 2082 1430 2123; baseline -0.007 -7"><span class='ocrx_word' id='word_1_257' title='bbox 1019 2093 1086 2116; x_wconf 90' lang='lat' dir='ltr'>cum</span> <span class='ocrx_word' id='word_1_258' title='bbox 1111 2082 1189 2114; x_wconf 81' lang='lat' dir='ltr'>facti</span> <span class='ocrx_word' id='word_1_259' title='bbox 1213 2083 1430 2123; x_wconf 84' lang='lat' dir='ltr'>poenituisset,</span> 
     </span>
     <span class='ocr_line' id='line_1_74' title="bbox 901 2129 1292 2166; baseline -0.008 -3"><span class='ocrx_word' id='word_1_260' title='bbox 901 2132 936 2166; x_wconf 93' lang='lat' dir='ltr'>V.</span> <span class='ocrx_word' id='word_1_261' title='bbox 964 2132 1088 2164; x_wconf 84' lang='lat' dir='ltr'>Damna</span> <span class='ocrx_word' id='word_1_262' title='bbox 1113 2129 1217 2161; x_wconf 87' lang='lat' dir='ltr'>ferens</span> <span class='ocrx_word' id='word_1_263' title='bbox 1242 2130 1292 2161; x_wconf 94' lang='lat' dir='ltr'>illi</span> 
     </span>
     <span class='ocr_line' id='line_1_75' title="bbox 1017 2177 1442 2210; baseline 0 0"><span class='ocrx_word' id='word_1_264' title='bbox 1017 2180 1155 2210; x_wconf 83' lang='lat' dir='ltr'>terretur</span> <span class='ocrx_word' id='word_1_265' title='bbox 1178 2177 1309 2208; x_wconf 77' lang='lat' dir='ltr'>coelitus</span> <span class='ocrx_word' id='word_1_266' title='bbox 1333 2177 1442 2210; x_wconf 82' lang='lat' dir='ltr'>hostis.</span> 
     </span>
    </p>
   </div>
   <div class='ocr_carea' id='block_1_24' title="bbox 912 2235 1466 2419">
    <p class='ocr_par' dir='ltr' id='par_1_30' title="bbox 912 2235 1466 2419">
     <span class='ocr_line' id='line_1_76' title="bbox 912 2235 1283 2274; baseline -0.013 -5"><span class='ocrx_word' id='word_1_267' title='bbox 912 2238 945 2270; x_wconf 81' lang='lat'>2.</span> <span class='ocrx_word' id='word_1_268' title='bbox 972 2236 1050 2269; x_wconf 83' lang='lat' dir='ltr'>Orat</span> <span class='ocrx_word' id='word_1_269' title='bbox 1071 2235 1123 2268; x_wconf 83' lang='lat' dir='ltr'>vir</span> <span class='ocrx_word' id='word_1_270' title='bbox 1146 2236 1283 2274; x_wconf 81' lang='lat' dir='ltr'>sanetus,</span> 
     </span>
     <span class='ocr_line' id='line_1_77' title="bbox 1019 2282 1461 2322; baseline -0.002 -8"><span class='ocrx_word' id='word_1_271' title='bbox 1019 2292 1090 2314; x_wconf 88' lang='lat' dir='ltr'>reus</span> <span class='ocrx_word' id='word_1_272' title='bbox 1115 2282 1148 2313; x_wconf 89' lang='lat' dir='ltr'>in</span> <span class='ocrx_word' id='word_1_273' title='bbox 1175 2290 1210 2312; x_wconf 91' lang='lat' dir='ltr'>se</span> <span class='ocrx_word' id='word_1_274' title='bbox 1234 2290 1274 2312; x_wconf 90' lang='lat' dir='ltr'>ne</span> <span class='ocrx_word' id='word_1_275' title='bbox 1297 2282 1461 2322; x_wconf 83' lang='lat' dir='ltr'>moriatur,</span> 
     </span>
     <span class='ocr_line' id='line_1_78' title="bbox 971 2329 1339 2370; baseline -0.008 -8"><span class='ocrx_word' id='word_1_276' title='bbox 971 2331 1124 2370; x_wconf 86' lang='lat' dir='ltr'>Impetrat</span> <span class='ocrx_word' id='word_1_277' title='bbox 1147 2332 1180 2360; x_wconf 86' lang='lat' dir='ltr'>et</span> <span class='ocrx_word' id='word_1_278' title='bbox 1202 2329 1339 2368; x_wconf 87' lang='lat' dir='ltr'>spatium</span> 
     </span>
     <span class='ocr_line' id='line_1_79' title="bbox 1018 2376 1466 2419; baseline -0.007 -9"><span class='ocrx_word' id='word_1_279' title='bbox 1018 2378 1103 2410; x_wconf 83' lang='lat' dir='ltr'>vitae</span> <span class='ocrx_word' id='word_1_280' title='bbox 1126 2376 1265 2409; x_wconf 86' lang='lat' dir='ltr'>melioris</span> <span class='ocrx_word' id='word_1_281' title='bbox 1291 2377 1331 2408; x_wconf 85' lang='lat' dir='ltr'>ad</span> <span class='ocrx_word' id='word_1_282' title='bbox 1356 2386 1466 2419; x_wconf 73' lang='lat' dir='ltr'>usum3</span> 
     </span>
    </p>
   </div>
  </div>
 </body>
</html>
