1650 2587
667 103 921 137 —234-

212 197 399 238 Agathensis
422 198 456 230 in
481 197 645 230 condensis

257 245 423 277 Excitetur
444 245 518 276 unio

209 292 252 324 Et
276 292 435 324 immensis
459 290 495 323 fit
518 291 642 323 offensis

257 339 386 370 Indulta
409 338 560 372 remissio,

207 385 292 425 Ergo
316 385 387 424 piae
409 385 594 425 prophetiae

257 431 406 464 Praedite
430 432 607 471 praeconio,

210 478 310 510 Nobis
337 478 407 510 diac
433 479 473 510 da
497 478 626 517 sophiae

254 525 333 556 Frui
357 524 517 557 beneficio.

208 570 268 603 isti
291 575 416 610 praesto
438 572 572 603 clemens
597 573 674 612 esto,

257 619 381 659 Severe,
409 618 537 658 collegio

210 665 253 697 Et
276 665 336 696 hoc
359 663 439 697 festo
464 674 521 697 nos
544 664 687 695 modesto

255 710 362 743 Refice
386 712 508 745 solatio.

301 833 318 865 1
326 843 347 864 n
371 833 399 865 L
408 843 427 865 a
435 843 454 865 u
465 833 485 865 d
494 834 505 864 i
514 833 533 865 b
542 843 563 864 u
572 843 595 866 s.

352 898 545 934 Antiphonae.

177 983 182 989 .
205 955 395 995 Prophetiae

254 1002 362 1033 doctus
386 1002 518 1033 scientia

204 1049 392 1080 Futurorum

252 1095 347 1127 solvit
370 1096 528 1136 mysteria,

205 1142 267 1174 Per
291 1146 469 1181 susceptum

252 1188 386 1220 Severus
411 1189 548 1220 triticum

205 1235 381 1274 Ampliavit

253 1290 336 1321 penu
362 1282 559 1313 dominicum.

172 1365 179 1372 .
204 1338 390 1370 Venerando

253 1383 426 1416 confectum
451 1385 537 1416 senio

206 1430 422 1464 Confessorem

251 1480 366 1518 purgat
390 1477 554 1520 confessio,

203 1526 248 1558 Et
269 1524 408 1557 futurum

250 1580 422 1611 pavescens
447 1573 561 1603 exitum

204 1619 297 1651 Suum
323 1618 390 1651 Deo

257 1665 421 1697 comendat
444 1665 599 1705 spiritum.

170 1747 179 1755 .
204 1721 291 1754 Coeli
317 1721 399 1753 cives

250 1767 426 1806 procedunt
449 1767 571 1798 obviam

202 1814 401 1846 Deducentes

249 1869 372 1892 servum
403 1861 442 1892 ad
466 1860 610 1901 patriam,

201 1908 244 1940 Et
268 1908 426 1946 ingressus

249 1963 345 1994 regna
371 1955 544 1987 clarissima

200 2001 271 2033 Jam
296 2009 365 2032 cum
391 2001 515 2034 Christo

248 2050 359 2088 regnat
381 2049 413 2080 in
437 2049 550 2081 anima.

169 2129 175 2135 .
201 2104 390 2136 Benedictus

248 2159 304 2182 rex
328 2160 467 2183 summae
491 2152 620 2193 gloriae,

202 2197 260 2236 Qui
285 2197 433 2230 Severum

249 2245 393 2277 coelestis
419 2247 523 2277 curiae

201 2291 392 2324 Gaudiorum

248 2337 324 2369 fecit
347 2340 533 2380 participem

886 195 1133 237 contemplando
1175 244 1181 250 .
1227 244 1233 251 ⁸

930 253 1108 284 supremum
1131 253 1318 284 princ1pem.

826 302 857 332 5.
883 300 1026 339 Hymnus
1051 300 1168 332 sanctis

935 347 1067 379 debetur
1090 345 1243 390 omnibus,

883 393 942 432 Qui
967 394 1116 427 Severum

929 442 1057 481 plenum
1079 440 1248 474 virtutibus

882 487 1097 519 Adsciverunt

925 536 966 567 ad
992 535 1094 567 coelos
1117 534 1213 566 hodie

881 580 1072 614 Decoratum

929 638 1045 660 corona
1069 629 1198 668 gloriae.

995 693 1042 721 Ad
1062 693 1247 721 Benedictus.

811 742 851 774 A.
884 740 935 774 Ad
958 742 1159 781 sepulchrum

927 789 1054 828 patroni
1078 788 1193 820 nobilis

880 834 986 876 Larga
1010 836 1128 868 Christi

927 883 1027 915 virtus
1053 882 1213 924 exuberat,

880 928 930 960 Ibi
956 930 1067 961 claudo

926 985 982 1016 pes
1009 977 1102 1008 datur
1126 976 1227 1017 agilis,

877 1022 1000 1062 Lingua
1026 1023 1103 1054 muti

925 1078 960 1100 se
983 1072 1096 1109 sponte
1120 1073 1250 1110 reserat,

877 1115 940 1147 Hic
966 1117 1100 1147 colorem

925 1164 1068 1203 leprosus
1093 1163 1218 1203 alterat,

880 1210 933 1241 Ad
959 1210 1126 1242 videndum

926 1256 962 1288 fit
987 1265 1097 1287 caecus
1122 1256 1247 1297 habilis,

878 1302 914 1334 In
940 1306 1099 1335 aeternum

925 1350 1009 1382 Deus
1035 1349 1214 1390 laudabilis,

877 1397 1077 1438 Benedictus,

924 1444 976 1484 qui
1003 1446 1115 1475 cuncta
1139 1447 1317 1484 prosperat.

936 1529 981 1560 In
1007 1529 1038 1561 2.
1064 1527 1276 1566 Vesperis.

995 1592 1041 1619 Ad
1059 1591 1237 1627 Magnificat.

806 1640 846 1671 A.
877 1640 901 1671 O
927 1641 1053 1682 Severe,

925 1687 1068 1718 coelestis
1094 1688 1187 1728 viola,

876 1734 1023 1765 Paradisi

926 1783 1068 1812 conserte
1092 1781 1178 1823 liliis,

881 1828 1072 1867 Angelorum

923 1874 1050 1906 effectus
1075 1875 1193 1916 accola,

877 1920 1082 1961 sempiternis

922 1969 1031 2000 inclite
1054 1970 1188 2009 gaudiis,

875 2014 951 2047 Tuis
975 2019 1045 2048 tuos

923 2061 995 2094 fove
1020 2064 1169 2104 consiliis,

876 2108 968 2141 Hanc
992 2110 1032 2142 ad
1058 2111 1166 2143 urbem

923 2156 1105 2197 frequenter
1131 2159 1246 2192 advola

876 2202 920 2234 Et
942 2205 1113 2237 emundans

922 2260 941 2282 a
964 2251 1036 2283 labe
1060 2252 1195 2286 subdola

873 2297 1091 2331 Permansuris

922 2346 1008 2376 muni
1031 2347 1214 2386 praesidiis.
