1651 2588
753 133 790 137 —
846 113 1005 148 114—

247 208 278 240 2.
302 207 366 238 Hic
389 215 495 238 amore
518 208 681 239 literarum

348 252 485 294 flagrans
513 254 547 285 in
570 254 754 294 primordio,

302 300 370 332 Has
394 303 550 340 utcunque
566 301 699 340 scriptas
717 301 849 340 sumpsit

350 356 407 378 suo
432 348 465 378 in
491 347 651 386 cinctorio,

234 394 273 426 V.
303 393 464 426 castitatis
482 394 523 425 ad
548 394 723 433 exemplum

351 439 534 480 profuturus
559 440 694 472 saeculo.

246 497 277 529 3.
303 495 374 527 Jam
398 495 541 535 supernis
566 495 739 534 disciplinis

349 543 473 581 copiose
495 542 668 581 praeditus,

303 590 418 628 Spreta
441 588 550 619 mundi
574 588 714 620 vanitate

347 635 517 667 monachus
542 633 688 677 efficitur,

234 683 272 715 V.
302 681 427 713 Summo
452 682 520 721 regi
545 681 681 713 militare

347 728 482 768 gliscens
504 728 693 768 expeditius,

358 804 405 835 In
430 805 461 836 2.
488 803 712 835 Nocturna.

442 858 634 894 Antiphonae.

248 907 278 938 1.
303 906 456 938 Urentem
479 909 600 947 segetes

344 953 448 993 ignem
469 952 659 993 frondesque
680 955 849 994 domosque

300 999 472 1039 Consopire
494 1000 556 1031 Dei

345 1045 479 1077 famulus
494 1055 589 1086 prece
601 1046 699 1078 faecis
712 1047 751 1078 ob
766 1050 846 1080 acta.

243 1104 275 1134 2.
299 1101 388 1134 Affer
412 1111 514 1142 opem,
540 1102 680 1134 Leobine
700 1106 800 1143 pater,

347 1149 557 1188 lymphaticus
581 1150 691 1190 inquit,

301 1195 378 1227 Mox
403 1198 435 1226 et
458 1196 546 1235 aquis
570 1199 704 1228 vacuata
729 1197 809 1228 cutis

347 1243 487 1274 distensa
510 1243 640 1275 recedit.

241 1300 272 1331 3.
298 1297 460 1330 Pontificis
487 1299 582 1330 vestis

345 1344 399 1376 filo
425 1347 568 1376 contacta
591 1345 698 1384 puella

299 1391 459 1423 Daemone
484 1401 544 1431 quo
570 1390 672 1423 fuerat

351 1438 442 1477 pulso
467 1440 581 1470 vexata
603 1439 735 1471 levatur.

437 1504 641 1538 Responsoria.

243 1551 272 1582 1.
300 1550 463 1582 Exorbata
486 1553 674 1590 tempestate

345 1598 497 1637 populata
520 1598 623 1629 omnia

301 1644 409 1676 Sancti
433 1644 494 1676 viri
519 1644 603 1675 circa
628 1645 748 1684 cellam,

348 1693 425 1732 sata,
453 1689 592 1728 frondes,
620 1691 716 1731 olera,

229 1737 267 1771 V.
298 1738 365 1776 Ope
390 1736 488 1768 fretus
514 1737 626 1768 summi
650 1737 724 1769 boni

349 1784 539 1816 restauravit
562 1784 675 1816 omnia.

243 1842 274 1873 2.
300 1839 403 1878 HuJus
429 1839 510 1871 curis
536 1841 669 1879 agitatos

345 1885 453 1918 furore
478 1887 659 1918 daemonico

299 1933 357 1965 Vir
381 1933 491 1965 beatus
515 1934 698 1973 sospitatem

345 1980 527 2019 propinavit
549 1980 635 2012 illico

229 2027 268 2059 V.
298 2028 449 2059 luvocata
472 2027 615 2059 trinitate

346 2074 448 2105 crucis
473 2083 542 2105 cum
566 2075 736 2114 signaculo.

242 2131 272 2162 3.
298 2130 519 2162 Descendente
543 2130 582 2161 ab
608 2130 668 2162 hac
691 2131 761 2162 luce

347 2177 493 2216 praesule
516 2178 676 2209 Aethereo

298 2224 455 2255 Leobinus
479 2224 633 2257 infulatur

344 2280 456 2310 magno
477 2280 545 2303 cum
570 2272 720 2313 tripudio,

229 2317 266 2350 V.
296 2317 385 2356 Quod
412 2318 487 2349 cleri
510 2319 675 2359 plebisque
698 2318 760 2350 fuit

346 2374 466 2397 summa
490 2366 668 2405 gratulatio.

1033 209 1077 240 In
1105 212 1136 243 3.
1162 209 1392 241 Nooturno.

1116 273 1312 309 Antiphonae.

919 329 950 362 1.
975 330 1120 369 Quisquis
1145 330 1313 362 anhelabat

1023 377 1160 415 cujusvis
1183 376 1282 408 febris
1307 376 1346 408 ab
1371 378 1471 415 aestu,

975 422 1090 454 Tectus
1115 424 1245 462 palliolo

1021 469 1155 501 Leobini
1178 479 1272 502 sanus
1297 468 1416 501 abibat.

917 526 947 556 2.
973 523 1135 556 Infirmum
1160 527 1269 557 sancto

1022 570 1192 602 Caletrium
1216 572 1312 603 tinxit
1336 572 1419 604 olivo

974 617 1019 648 Et
1042 626 1256 649 successorem

1021 663 1119 703 signis
1135 664 1303 703 praenovit
1327 665 1471 699 eundem,

917 721 948 753 3.
974 720 1046 753 Jam
1070 728 1165 759 super
1187 723 1274 752 astra
1296 720 1363 760 poli

1021 766 1176 807 residens,
1201 767 1341 799 Leobinc
1366 768 1526 808 sacerdos

974 814 1074 845 Posce
1097 813 1209 854 Deum,
1235 814 1326 846 uobis

1022 861 1175 892 concedat
1197 862 1313 902 gaudia
1337 862 1435 901 pacis.

1109 935 1313 970 Responsoria.

918 992 948 1025 1.
973 991 1034 1023 Ille
1058 992 1184 1031 quidem
1205 992 1272 1031 jam
1296 991 1456 1031 refulgens

1021 1039 1142 1077 lampas
1166 1038 1200 1070 iu
1226 1039 1428 1078 candelabro,

971 1084 1017 1116 Ut
1039 1085 1088 1115 his
1113 1085 1269 1127 rutilaret,
1295 1086 1348 1125 qui
1372 1088 1446 1117 suut

1019 1131 1052 1162 in
1078 1131 1168 1163 domo
1193 1131 1368 1172 Domin1ca,

905 1178 942 1210 V.
973 1177 1050 1209 Jure
1074 1186 1166 1210 caeco
1190 1179 1323 1218 praebet
1348 1180 1453 1211 lumen

1021 1225 1122 1264 primo
1146 1225 1179 1256 in
1203 1226 1364 1258 miraculo.

921 1282 952 1313 2.
980 1280 1148 1319 eujusdam
1172 1282 1372 1313 resuscitavit

1021 1327 1179 1359 Leobinus
1199 1327 1307 1370 filiam,

976 1374 1032 1412 Qui
1059 1383 1126 1405 cum
1153 1373 1293 1406 officiose

1022 1424 1204 1460 susceperat
1228 1421 1394 1463 hospitem,

905 1467 943 1499 V.
974 1468 1067 1499 Prole
1089 1467 1151 1499 sibi
1174 1469 1322 1499 restituta

1024 1515 1141 1554 gaudet
1162 1514 1378 1547 multifariam.

917 1572 948 1603 3.
973 1569 1111 1610 Cumque
1134 1571 1275 1602 membra
1298 1572 1400 1603 sancti
1423 1572 1485 1603 viri

1022 1617 1230 1649 conderentur
1253 1619 1372 1650 tumulo

974 1663 1080 1703 Rupto
1105 1663 1189 1706 fune,
1214 1674 1273 1704 quo
1298 1666 1468 1708 pendebat,

1021 1719 1098 1741 crux
1120 1711 1153 1742 iu
1177 1713 1369 1744 monasterio

974 1757 1050 1789 Cum
1074 1757 1273 1797 lampadibus
1298 1760 1340 1791 ad
1359 1762 1477 1792 terram

1018 1805 1083 1835 ruit
1105 1805 1207 1844 plenis
1232 1806 1318 1846 ole03

904 1851 942 1882 V.
974 1850 1036 1883 Sed
1061 1860 1227 1892 resurgens
1251 1853 1355 1885 haesit
1379 1853 1447 1886 funi

1019 1898 1197 1930 admirante
1220 1901 1348 1941 populo,

969 1945 1058 1984 Quod
1082 1954 1141 1977 uec
1165 1947 1239 1978 vitri
1263 1956 1303 1978 ne
1325 1948 1457 1988 liquoris

1019 1990 1079 2023 fuit
1101 1994 1267 2028 mutilatio,

1057 2104 1102 2136 Iu
1126 2105 1154 2137 L
1164 2107 1262 2141 audi
1272 2107 1355 2141 buS.

1115 2170 1310 2207 Antiphonae.

915 2226 946 2257 1.
970 2226 1162 2259 Attollamus
1186 2228 1354 2261 mirificum

973 2273 1062 2312 Quod
1087 2276 1228 2313 patravit,
1250 2277 1436 2308 miraculum

973 2320 1104 2351 Praesul
1126 2321 1192 2360 jam
1218 2332 1331 2355 curvus
1356 2324 1443 2355 senio

973 2366 1150 2408 Morboque
1174 2372 1279 2402 tentus
1301 2371 1420 2403 valido.
