1651 2588
732 81 961 116 -56-

272 174 323 206 Ad
349 183 421 205 suos
446 175 526 206 ritus
550 175 701 214 profanos

270 220 467 260 Compellere
492 221 694 254 Christianos,

235 299 242 307 .
271 277 433 316 Crispinus
458 278 584 317 praesul
609 278 770 320 subdolus,

270 323 446 363 Comperto,
473 325 555 363 quod
580 324 748 356 Ferreolus

268 370 363 402 Esset
388 378 461 402 vere
486 370 692 410 Christianus,

269 416 380 448 Statim
404 418 491 449 misit
513 418 546 448 in
571 418 654 449 hunc
678 427 796 451 manus.

236 498 243 505 .
269 473 411 510 Blandis,
437 473 541 511 minis,
566 474 761 514 verberibus,

269 520 490 560 Compedibus,
518 521 697 552 carceribus

266 566 310 598 Et
335 575 434 605 usque
458 567 498 598 ad
525 571 655 599 mortem
677 576 816 607 pressus,

268 613 399 652 Semper
413 614 569 646 Christum
585 617 633 646 est
645 613 815 648 confessus.

230 684 237 691 .
266 661 383 693 Beatus
406 660 587 700 Ferreolus,

266 708 391 738 Virtute
414 707 489 739 fidei
514 711 651 740 armatus

265 754 310 786 Et
335 754 415 785 dono
439 753 499 786 Dei
524 763 662 794 securus,

266 801 451 832 Rhodanum
477 801 653 841 ingreditur

265 848 309 880 Et
328 846 406 879 fusis
423 849 570 888 precibus

315 895 353 926 ad
379 894 545 926 Dominum

268 942 304 972 ln
317 941 498 973 ulteriorem

312 988 413 1026 ripam
439 990 625 1019 transcurrit

226 1057 233 1063 .
264 1034 428 1065 Elementa
451 1043 542 1065 servo
567 1034 627 1066 Dei

265 1080 416 1111 Ferreolo
441 1079 642 1121 famulantur,

265 1126 347 1158 Dum
372 1134 430 1165 per
454 1136 574 1158 omnem
599 1128 787 1160 Rhodanum

266 1173 340 1204 Sine
373 1173 567 1205 demersione
590 1175 811 1208 transvehitur.

382 1237 430 1264 Ad
448 1237 625 1274 Magnificat,

227 1299 234 1306 .
264 1275 423 1314 Fen-eote,

261 1322 308 1353 Te
332 1320 449 1354 ferrum
474 1323 625 1365 limatum,

261 1368 361 1400 Ferro
387 1369 513 1409 ligatum

258 1415 359 1446 Ferro
384 1415 516 1459 litatum,

259 1462 433 1502 Martyrem

262 1509 310 1539 Ac
333 1511 498 1547 patronum
526 1510 650 1542 beatum

265 1555 410 1595 Petimus,
437 1557 527 1588 nobis
552 1557 667 1600 obtine,

263 1602 355 1634 Omni
379 1604 470 1641 pulsa
493 1604 636 1643 rubigine

265 1647 399 1679 Caelesti
424 1648 486 1680 frui
510 1650 636 1683 lumine.

329 1724 388 1754 Ad
414 1724 675 1758 Matutinum.

393 1772 607 1801 Invitatorium.

261 1816 377 1856 Regem
404 1818 625 1856 sempiternum
648 1818 757 1857 pronis

307 1863 472 1895 adoremus
496 1865 662 1904 mentibus,

262 1910 318 1947 Qui
344 1914 515 1950 martyrem
536 1920 623 1943 suum
651 1912 744 1950 digne

308 1965 365 1995 pro
389 1958 509 1989 meritis

262 2002 430 2035 Coronavit
452 2004 645 2037 Ferreolum.

321 2077 424 2112 111].
449 2079 675 2112 Nocturno.

401 2134 594 2170 Antiphonae.

225 2204 233 2211 .
256 2180 372 2212 Beatus
399 2182 447 2214 vir
470 2183 650 2224 Ferreolus,

259 2227 354 2266 Quem
381 2228 421 2259 de
444 2230 555 2261 semita
575 2232 730 2270 justorum

256 2274 326 2305 Non
352 2276 448 2306 traxit
473 2276 572 2307 hostis
597 2278 747 2310 subdolus

256 2321 319 2353 Per
343 2321 434 2353 devia
458 2327 667 2362 peccatorum.

887 178 919 209 2.

886 373 916 404 3.

888 645 918 677 1.

945 178 1048 215 Quare
1071 176 1265 210 fremuerunt

946 223 1063 255 Gentes
1089 228 1198 256 contra
1222 233 1302 263 eum,

944 270 1045 309 Reges
1070 271 1239 303 astiterunt

943 316 1121 349 Incolentes
1144 316 1247 348 Deum
1255 318 1273 347 2³

941 372 1086 412 Domine,
1111 371 1332 411 multiplicatio

944 418 1095 451 Ferreolo
1118 418 1299 459 passionum

942 466 1002 498 Est
1027 465 1137 497 effecta
1162 465 1339 497 benedictio

942 513 995 544 Ad
1020 521 1126 544 vocem
1151 512 1337 544 orationum.

1078 588 1285 623 Responsoria.

943 646 1061 678 Divina
1083 645 1285 685 providentia

942 692 1078 724 Nomina
1102 692 1304 724 consonantia

991 739 1096 771 Rebus
1118 739 1277 779 imposuit,

943 787 985 818 Et
1009 786 1066 817 sub
1092 785 1170 818 ferri
1193 786 1327 817 materia

940 833 1091 865 Ferreolo
1117 842 1186 864 cum
1208 832 1310 871 gloria

990 880 1110 911 Nomen
1135 879 1289 911 attribuit.

940 926 1080 959 Nomine
1116 929 1243 958 aeterno
1282 924 1492 957 haereditavit

944 974 1033 1004 illum
1056 973 1221 1005 Domiozus
1245 972 1336 1004 Deus
1359 975 1478 1003 voster.

940 1031 1028 1061 Inter
1053 1028 1212 1067 principes
1235 1027 1353 1060 saeculi

939 1076 984 1108 Et
1007 1075 1200 1115 frequentias
1224 1075 1334 1115 populi

942 1122 1084 1162 Carnem,
1098 1123 1229 1160 hostem,
1243 1121 1392 1152 mundum
1403 1121 1488 1163 vicit,

939 1170 1049 1201 Totum
1077 1169 1201 1202 Christo
1222 1177 1257 1199 se
1280 1168 1417 1206 subjicit.

937 1216 1065 1247 Dsemor
1092 1215 1178 1247 verbi
1210 1214 1349 1247 Domini
1379 1215 1488 1246 redde-

938 1263 1008 1305 bat,
1059 1270 1140 1301 quae
1186 1265 1278 1293 erant
1327 1259 1488 1301 Caesaris,

941 1307 1075 1341 Caesari
1099 1312 1137 1351 et,
1163 1317 1244 1348 quae
1266 1308 1339 1350 Dei,
1362 1307 1444 1340 Deo.

909 1390 915 1396 .
941 1365 1075 1397 Ferrum
1101 1366 1141 1397 de
1164 1367 1252 1397 terra
1274 1365 1407 1406 tollitur,

937 1412 1005 1451 lgni
1030 1412 1227 1452 purgandum
1253 1411 1397 1452 traditur,

985 1458 1118 1491 Guditur
1142 1458 1266 1497 malleo,

935 1505 1105 1536 Ferreolus
1131 1505 1265 1544 eripitur

935 1552 986 1583 Ab
1011 1551 1104 1583 idolis
1127 1555 1158 1582 et
1181 1553 1301 1590 patitur

983 1598 1153 1629 Tormenta.
1176 1607 1234 1637 pro
1259 1598 1338 1630 Deo,

934 1645 1056 1676 Beatus
1078 1645 1138 1685 vir,
1171 1644 1227 1684 qai
1249 1645 1361 1684 suffert
1384 1648 1486 1677 tenta-

934 1692 1061 1733 aionem,
1088 1691 1251 1735 quoniam,
1279 1701 1351 1723 cum
1363 1692 1485 1731 proba-

934 1741 985 1770 tus
1016 1738 1130 1778 faerit,
1170 1739 1302 1779 accipiet
1334 1748 1487 1771 coronam

931 1785 1024 1816 vitae.

991 1869 1035 1901 111
1063 1871 1094 1903 2.
1121 1869 1353 1903 Nocturno.

1078 1934 1270 1970 Antiphonae.

880 1989 911 2022 1,
938 1991 1012 2023 Cum
1036 1991 1199 2023 invocaret
1221 1992 1400 2034 Dominum,

980 2037 1017 2068 111
1043 2046 1102 2077 quo
1123 2038 1256 2072 firmiter
1280 2042 1430 2080 speravit,

933 2084 1042 2116 Sciant
1064 2085 1123 2118 filii
1147 2087 1316 2127 hominum,

978 2131 1068 2169 Quod
1090 2136 1232 2166 sanctum
1256 2133 1446 2168 mirificavit.

875 2187 907 2219 2.
934 2187 1037 2219 Verba
1060 2198 1140 2230 mea,

979 2235 1104 2276 clamat,
1130 2237 1282 2278 intellige,

933 2280 1023 2312 Viam
1049 2292 1148 2316 meam

981 2329 1022 2359 ad
1048 2332 1150 2363 coelos
1177 2332 1287 2370 dirige,
