1650 2587
152 176 158 182 .
189 149 257 181 Nee
280 150 341 182 sibi
366 148 414 181 fas
438 149 604 181 Dominum

238 205 367 235 prorsus
393 196 553 227 dimittere
578 194 695 227 Jesum.

134 273 164 284 ..
191 253 295 284 Iratus
318 260 445 292 praeses

235 298 342 330 florem
371 299 552 330 macerabat
575 305 737 329 amoenum

189 346 238 377 Ae
259 345 407 384 prohibet
430 344 551 386 rigidis,

237 400 277 423 ne
300 393 341 423 sit
365 393 536 431 responsio,
563 390 678 432 verbis,

192 439 270 476 Quin
296 438 399 478 potius
423 438 554 470 humiles

234 485 335 517 discat
358 483 502 524 proferre
523 484 672 524 loquelas,

150 556 156 563 .
191 531 308 563 Vesano
333 534 469 570 satrape.

238 587 278 609 ne
305 579 389 610 dieat,
412 586 496 617 vera,
519 576 658 616 jubetur.

252 653 296 684 In
323 654 352 684 2.
379 651 436 683 No
450 655 606 683 eturno.

332 716 524 750 Antiphonae.

156 799 162 805 .
190 773 327 804 Numina
350 782 428 804 vana
453 773 529 804 colis

238 827 394 858 vanusque
416 822 522 851 orator
547 819 683 860 haberis,

190 866 275 904 Quae
299 867 324 897 si
350 875 411 897 non
435 867 537 905 pellis,

235 922 328 944 sensu
352 912 527 952 privaberis
553 913 645 946 omni.

156 992 162 1000 .
192 969 335 1001 Christus
360 969 405 999 ait
429 969 537 1000 nobis:

239 1018 373 1047 tortores
398 1016 539 1054 spernite
564 1015 677 1054 carnit,

191 1063 248 1101 Qui
275 1070 387 1102 corpus
414 1062 558 1100 caedunt,

236 1109 358 1140 animae
389 1109 434 1139 nil
459 1109 571 1140 tollere
596 1109 737 1147 possunt.

135 1167 164 1195 ‘.
191 1164 306 1203 Judex,
331 1164 459 1205 insanis,

236 1211 360 1243 Christo
379 1211 449 1242 dum
470 1211 598 1242 eredere
616 1211 737 1251 temnis,

190 1257 317 1289 Factori
343 1259 427 1288 certe

236 1308 402 1343 terraeque
425 1304 551 1343 polique
571 1304 738 1344 marisque,

186 1350 361 1383 Daemones
387 1353 418 1381 et
441 1350 580 1390 sequeris

239 1398 369 1437 cupidos
396 1400 426 1428 te
451 1398 577 1430 tradere
602 1398 706 1430 morti.

325 1462 529 1495 Responsoria.

133 1507 164 1540 1.
190 1510 356 1549 Imperitat
380 1518 509 1548 puerum

237 1565 364 1595 praeses
393 1560 540 1595 torquere
565 1559 738 1596 venustum,

191 1603 278 1642 Quod
304 1603 365 1634 sibi
390 1611 451 1634 non
478 1600 497 1621 ³¹<
524 1598 543 1619 '²‘

236 1649 346 1681 humili
371 1650 563 1687 respondeat
586 1657 650 1690 ore,

120 1697 159 1729 V,
192 1694 339 1727 Affiietus
363 1694 470 1734 flagris

240 1743 319 1774 duce
346 1742 561 1781 praecipiente
585 1742 738 1782 malignis.

136 1802 167 1832 2.
195 1799 272 1830 Post
296 1799 355 1830 hoe
378 1807 570 1837 purpureum

235 1845 343 1884 juveni
366 1845 543 1883 spondebat
566 1845 713 1877 amictum

192 1892 237 1923 Et
262 1891 359 1931 capiti
384 1891 500 1923 nitidas

241 1948 317 1971 auro
343 1938 495 1970 rutilante
520 1946 650 1970 coronas

121 1988 159 2019 V.
192 1986 382 2025 Imperiique
405 1985 507 2016 locum

241 2032 352 2064 summi
377 2032 515 2064 retinere
539 2032 717 2064 secundum.

135 2091 165 2122 3.
191 2089 376 2120 Muneribus
402 2088 489 2119 vanis

238 2135 412 2167 Floscellus
435 2135 506 2174 jure
530 2134 665 2174 repulsis

189 2182 264 2214 Alte
287 2191 455 2222 suspensus

240 2230 378 2269 graviter
397 2228 457 2260 fuit
472 2228 617 2269 undeque
629 2231 730 2261 tortus

191 2276 413 2315 Robustaeque
438 2284 547 2307 manus

240 2324 356 2356 sudant
380 2322 509 2355 infantis
534 2322 567 2355 in
592 2325 689 2364 artus,

797 148 833 181 V.

810 1509 843 1540 ,ιο

816 1986 844 2017 1.

813 2184 842 2214 2.

863 146 1021 179 Deficiunt
1046 147 1186 179 membra

911 194 977 232 J'am
1001 203 1062 226 non
1088 193 1248 233 capientia
1271 192 1391 231 plagas.

927 307 975 338 111
1002 308 1033 339 3.
1060 305 1287 338 Nocturno.

1011 379 1206 415 Antiphonae.

830 472 837 479 .
865 447 999 479 Carcere
1020 448 1093 486 post
1116 446 1221 477 clauso

908 493 1026 524 socium
1047 493 1137 532 jubet
1162 500 1230 523 esse
1254 492 1374 523 leonem

865 541 962 579 Quem
986 544 1109 580 martyr
1132 539 1280 578 precibus

913 586 1030 625 spoliat
1054 586 1225 626 spiramine
1249 585 1352 617 flatus.

831 668 839 676 .
865 644 954 674 Tunc
978 643 1110 682 pulchre
1133 645 1254 682 septem

913 690 1072 721 radiantia
1095 689 1215 721 lumina
1238 689 1416 729 splendent,

866 737 952 776 Quae
977 736 1105 768 Domini
1130 737 1232 776 pietas

913 792 1004 815 servo
1040 792 1108 816 cum
1133 783 1226 815 thure
1250 782 1417 816 ministrat.

832 864 840 873 .
865 839 925 872 His
951 840 1026 871 visis
1052 842 1158 871 natum

912 889 1020 918 sancto
1047 886 1176 918 deduc-it
1199 887 1346 925 amatum,

866 934 987 966 Audiui
1010 934 1136 973 quidem

914 981 1043 1020 visuque
1069 983 1098 1011 et
1122 988 1199 1012 voce
1225 981 1393 1020 carentem,

866 1029 961 1068 Quem
987 1027 1114 1059 Domini
1139 1026 1275 1058 famulus

912 1074 1059 1113 precibus
1072 1083 1144 1105 mox
1155 1074 1294 1113 integrat
1305 1073 1415 1104 almus.

1006 1158 1181 1194 Responsori
1185 1165 1210 1184 a.

833 1242 840 1249 .
869 1215 1027 1248 Praesidis
1053 1224 1091 1246 ex
1111 1215 1202 1254 J‘ussu

914 1271 1024 1301 pyram
1047 1265 1193 1293 struxere
1216 1261 1362 1300 ministri,

867 1309 1027 1342 Athletam
1051 1311 1191 1340 sanctum

915 1355 964 1387 eui
986 1355 1156 1395 projiciunt
1176 1354 1360 1396 ardendum,

864 1404 909 1436 Ut
932 1402 959 1433 si
984 1402 1066 1434 forte
1090 1400 1195 1433 forent

914 1450 1064 1489 maculae,
1086 1451 1259 1488 purgentur
1275 1447 1315 1479 ab
1332 1447 1415 1487 igne.

868 1507 1010 1539 Intactus
1034 1505 1167 1538 flammis

914 1552 1048 1584 stimulis
1075 1554 1122 1584 est.
1145 1550 1227 1583 fixus
1253 1552 1353 1584 acutis

867 1599 984 1632 Palmis
1010 1602 1040 1630 et
1063 1600 1179 1638 lingua,

913 1645 1031 1678 Christi
1056 1646 1268 1677 modulamine
1292 1646 1394 1685 plena,

829 1720 835 1726 .
865 1693 993 1733 Accipit
1017 1703 1036 1725 a
1057 1693 1193 1725 Domino

916 1740 976 1780 maj
980 1740 1043 1772 oris
1068 1740 1204 1772 muneris
1230 1749 1330 1772 usum.

961 1853 1007 1885 In
1031 1853 1259 1886 Laudibus.

1011 1927 1204 1964 Antiphonae.

873 1985 1007 2025 Spiritus
1032 1986 1167 2018 invictus

918 2032 1098 2065 habitacula
1122 2041 1237 2065 carnea
1261 2034 1404 2073 linquens

870 2080 931 2111 Est
954 2079 1039 2111 visus
1063 2080 1170 2111 multis

921 2127 1063 2158 comitari
1089 2127 1228 2158 coetibus
1250 2127 1351 2159 almis.

872 2182 962 2214 Milia
986 2192 1058 2214 mox
1082 2185 1203 2222 septem

916 2230 1102 2268 populorum
1136 2230 1265 2262 credere
1296 2229 1420 2262 Christo

869 2276 913 2308 Et
936 2276 1073 2315 lymphis
1099 2276 1178 2309 vivis

915 2327 1089 2362 properant
1102 2332 1171 2355 eum
1181 2324 1315 2356 Caesare
1322 2324 1420 2359 nasei.
