1650 2587
277 227 318 259 Et
345 226 464 259 cruoris
490 227 536 258 tui
561 235 633 258 rosa

276 273 422 306 Laetaris
445 273 530 305 inter
555 274 698 317 coelicos,

271 321 339 352 Tuo
363 328 421 352 nos
442 320 619 360 patrocinio

273 368 404 399 Illorum
426 367 523 407 junge
547 368 671 408 gaudio,

273 415 410 454 Quorum
435 415 554 454 gaudes
580 417 747 452 consortio,

335 536 396 569 Ad
421 536 689 568 Matutinum.

406 611 620 639 Invitatorium.

272 678 344 717 Eja‚
371 673 487 718 venite,
512 678 581 710 Deo

317 725 517 764 jubilandum
543 726 681 758 carmine
705 734 779 759 vero

266 771 407 812 Virginis
432 773 465 803 in
490 772 572 804 festo

313 819 380 858 ⁴iam
404 819 570 852 Barbarae
593 820 793 853 celebrando.

333 943 379 974 In
406 940 437 976 1.
463 942 690 976 NocturnO.

411 1007 605 1043 Antiphonae.

208 1065 239 1097 1.
269 1063 449 1097 Generosae
477 1065 594 1097 Christi
618 1073 754 1105 sponsae

314 1112 476 1144 Barbarae
500 1112 653 1144 solemnia

267 1159 372 1199 Digna
392 1167 459 1190 eum
487 1159 652 1192 devotione

316 1205 463 1239 Celebret
487 1207 631 1240 ecclesia.

211 1265 242 1296 2.
270 1263 356 1302 Quae
379 1263 487 1304 gentili
514 1265 606 1303 patre
629 1266 704 1295 nata

314 1310 433 1342 Summi
456 1311 557 1349 patris
581 1311 684 1350 gratia

264 1357 475 1389 Abundanter
500 1360 549 1388 est
573 1360 685 1389 ornata

314 1404 426 1436 Statim
452 1404 492 1436 ab
511 1402 655 1437 infantia.

208 1463 239 1494 3.
265 1461 405 1493 Pulchra
427 1459 488 1491 fuit
512 1461 649 1492 exterius

311 1508 436 1540 Decore
460 1506 563 1552 faciei,

267 1556 331 1587 Sed
358 1554 524 1595 pulchrior
546 1556 679 1587 interius

311 1602 362 1634 Ex
385 1611 491 1634 amore
515 1601 585 1635 Dei.

402 1686 607 1723 Responsoria.

208 1755 237 1787 1.
261 1754 362 1786 Beata
387 1754 476 1794 virgo
501 1754 645 1787 Barbara

316 1803 405 1834 clara
428 1800 492 1833 fuit
515 1811 639 1843 genere,

267 1849 331 1882 Sed
353 1849 469 1881 mentis
494 1852 563 1882 erat
586 1850 752 1883 honestate

312 1897 429 1929 clarior
453 1900 483 1928 et
508 1905 615 1937 opere,

265 1945 322 1976 Pie
340 1945 467 1978 Christo
493 1955 565 1977 nam
590 1945 712 1978 servire

312 1992 463 2025 studebat
486 2001 664 2031 sumopere.

194 2040 232 2071 V.
265 2040 310 2072 In
336 2040 401 2081 ἶς’-φα
416 2040 557 2072 Domini
580 2039 645 2079 fuit
668 2040 816 2073 voluntas

263 2087 332 2128 ejus
358 2088 410 2120 die
435 2096 474 2120 aa
496 2088 597 2120 noete.

207 2157 236 2188 2.
264 2155 303 2187 In
328 2155 433 2187 aetate
458 2156 569 2186 tenera

316 2201 432 2234 Mundi
459 2200 606 2241 despexit
629 2199 738 2233 florem

259 2250 304 2282 Et
329 2249 511 2288 concupivit
535 2257 650 2288 aspera

309 2296 431 2330 Christi
455 2296 496 2329 ob
521 2305 670 2340 amorem,

262 2345 351 2384 Quod
377 2344 483 2385 potuit
505 2343 594 2377 nulla

307 2393 369 2425 nisi
393 2401 484 2425 sacro
509 2394 678 2432 pneumate
702 2391 793 2426 fulta.

883 229 920 261 V.
949 229 1180 262 Fundamenta
1195 238 1333 262 suarum
1349 229 1504 261 virtutum

946 275 1061 315 posuit
1083 285 1186 316 supra
1210 276 1346 315 firmam
1363 278 1503 317 petram.

894 342 924 374 3.
950 342 1087 381 Propter
1112 342 1299 382 elegantiam

999 388 1116 427 speciei
1141 390 1241 421 mirae

953 435 1087 475 Cupiere
1110 436 1238 474 plurimi

996 482 1083 514 illius
1107 483 1216 514 subire

951 529 1136 569 Amplexus,
1163 530 1237 562 h÷nc
1260 533 1385 569 patrem

999 584 1133 615 coepere
1156 577 1332 616 convenire,

951 623 1014 655 Sed
1038 623 1087 655 his
1112 624 1200 665 virgo
1224 623 1352 655 Domini

1000 670 1121 710 sprevit
1146 671 1332 703 consentire.

881 716 917 749 V.
947 717 1060 758 Longsc
1096 727 1118 749 a
1143 717 1367 758 peccatoribus
1398 717 1497 759 salus,

951 764 1029 804 Quia
1051 764 1306 805 ,iustificationes
1338 764 1405 797 Dei
1435 773 1503 796 ozon

951 811 1177 851 exquisierunt.

1011 925 1056 956 In
1083 926 1113 957 2.
1141 925 1371 959 Nocturno.

1091 998 1286 1035 Antiphonae.

891 1063 922 1095 1.
950 1063 1044 1104 Cujus
1069 1067 1162 1104 pater
1186 1068 1318 1105 propter
1342 1065 1389 1097 sui

995 1112 1132 1151 speciem
1159 1112 1316 1153 egregiam

948 1158 1160 1199 Impendebat
1183 1159 1232 1191 illi
1257 1162 1378 1191 tantam

997 1215 1091 1238 curae
1118 1206 1325 1247 diligentiam,

942 1253 988 1286 Ut
1012 1262 1105 1293 aegre
1129 1253 1266 1286 sufferet.
1293 1254 1381 1286 illam

990 1301 1018 1332 si
1042 1301 1169 1333 videret
1191 1301 1360 1341 quispiam.

888 1366 918 1397 2.
944 1366 1144 1406 Quapropter
1168 1367 1281 1398 turrim
1306 1367 1437 1399 arduam

990 1414 1046 1445 ille
1071 1412 1251 1455 fabiicavit,

945 1460 1010 1499 Qua
1032 1464 1165 1500 peraeta
1188 1470 1275 1493 suam
1301 1461 1424 1500 prolem

990 1508 1023 1538 in
1049 1516 1087 1538 ea
1110 1508 1238 1550 locavit,

945 1554 1051 1594 Atque
1076 1554 1115 1586 ab
1143 1554 1318 1587 hominibus

991 1602 1081 1634 illam
1105 1602 1325 1642 sequestravit.

875 1670 906 1702 3.
934 1668 998 1701 Ubi
1023 1668 1091 1701 sola
1114 1669 1269 1701 recubans

992 1716 1094 1748 Deum
1120 1716 1264 1749 exoravit

945 1763 1052 1803 Atque
1078 1772 1191 1803 corpus
1218 1764 1302 1794 teni*i

997 1811 1080 1843 victu
1105 1811 1289 1851 maceravit,

947 1858 1061 1899 Sieque
1085 1867 1211 1891 carnem
1237 1859 1425 1891 macerando

992 1905 1139 1946 spiritum
1165 1907 1336 1939 roboravit.

1083 1992 1290 2028 Responsoria.

889 2059 919 2093 1.
947 2060 1020 2093 Una
1046 2059 1166 2092 dierum
1194 2059 1233 2091 de
1257 2060 1339 2091 turri

993 2107 1072 2139 haee
1095 2107 1128 2138 in
1153 2107 1344 2139 natatorium

946 2154 1177 2193 Descendebat,
1203 2155 1239 2186 ut
1264 2154 1388 2187 videret

994 2210 1109 2234 novum
1133 2201 1312 2233 aedificium

945 2249 990 2282 Et
1014 2247 1188 2281 artificibus
1210 2249 1307 2289 Jussit

989 2300 1055 2329 tres
1080 2295 1237 2329 fenestras
1261 2299 1396 2340 struere,

945 2344 1010 2377 Ubi
1036 2345 1113 2377 duas
1133 2345 1223 2384 jussu
1247 2346 1350 2384 patris

994 2392 1169 2425 debuerant
1193 2392 1308 2426 facere.
