1651 2588
195 2127 234 2159 V.

715 89 971 123 —148-

263 184 305 215 Se
327 184 520 215 immundam

307 231 365 263 seit
389 240 496 262 ausam
517 232 635 262 temere

261 277 415 309 Mundum
439 278 522 309 velle

307 324 410 355 locum
434 324 597 363 attingere,

263 370 330 403 Neo
352 370 472 410 patitur
497 370 615 401 crimen

309 426 431 449 sacrum
457 417 635 457 contingere
656 415 761 449 limen.

325 502 370 533 In
396 503 427 534 2.
453 500 677 532 Nocturno.

405 565 598 600 Antiphonae.

227 647 236 655 .
261 623 339 654 Visu
363 621 507 653 turbatus

309 669 396 708 signo
427 668 530 700 crucis
563 671 608 699 est
633 670 808 706 revocatus,

262 715 389 747 Viribus
414 715 465 747 hie
489 717 621 754 sumptis

306 763 370 794 iter
390 763 560 801 investigat
584 762 695 795 euntis.

262 818 376 850 Sancte
399 826 505 859 senex,
529 826 667 857 propera

311 865 432 897 visurus
457 874 514 904 spe
536 864 677 904 meliora,

261 913 346 951 Quae
369 911 447 951 legis
473 915 505 942 et
527 912 677 953 sequeris,

309 959 441 998 vestigia
464 961 538 990 sunt
560 957 709 989 mulie1is.

232 1040 239 1046 .
264 1015 357 1046 Hane
380 1014 520 1046 Zosimas
544 1014 692 1054 sequitur,

306 1064 406 1100 rogat,
419 1063 455 1091 ut
467 1063 540 1099 stet,
555 1069 614 1092 nee
624 1061 726 1092 minus
735 1061 808 1102 itur,

263 1107 324 1140 Ille
347 1106 445 1147 magis
469 1107 561 1139 solito

311 1154 441 1185 clamat:
468 1153 660 1185 moderatius
683 1154 739 1186 ito.

403 1228 605 1261 Responsoria.

231 1301 238 1307 .
264 1275 413 1314 Imaginis

309 1322 473 1360 eujusdam
495 1321 631 1362 pedibus

263 1369 464 1401 Provolvitur

308 1415 457 1447 insistens
479 1415 643 1454 precibu53

264 1462 344 1494 Erat
366 1461 518 1500 scriptum

311 1517 423 1541 nomen
445 1508 590 1549 imaginis

270 1556 333 1588 Sub
358 1555 476 1587 honore

310 1601 433 1634 Mariae
457 1602 598 1642 virginis,

262 1649 347 1687 Quae
371 1649 558 1680 salvatorem

308 1696 433 1734 peperit
468 1703 522 1726 ceu
550 1694 642 1726 stella
667 1695 809 1726 nitorem⁴

267 1752 320 1783 Ad
345 1751 503 1783 desertum

310 1797 464 1830 festinans
488 1798 602 1838 evolat,

265 1845 330 1878 Ubi
355 1844 479 1877 Christo

311 1900 346 1924 se
368 1895 466 1923 totam
489 1892 609 1932 imolat,

265 1940 306 1971 Se
329 1941 467 1970 veterem

311 1987 346 2017 in
369 1994 405 2017 se
427 1985 637 2025 persequitur,

266 2033 316 2064 De
339 2032 439 2064 veteri

311 2088 394 2111 nova
417 2079 603 2112 renascitur.

264 2127 346 2159 Tota
371 2135 442 2159 earo
466 2126 588 2166 pridem

314 2173 349 2205 fit
374 2176 442 2205 tota
465 2174 594 2205 rebellis
619 2173 730 2206 eidem.

208 2231 239 2264 3.
267 2230 391 2262 Christo
417 2229 525 2262 vivens

314 2280 347 2308 et
368 2277 486 2308 mundo
509 2280 634 2309 mortua

268 2324 400 2356 Carnem
426 2324 533 2357 domat

313 2379 407 2404 eruce
429 2371 567 2411 assidua,

865 369 905 401 V.

883 1754 902 1784 [Ο

871 2126 910 2160 V,

885 2231 917 2262 3.

937 183 1009 215 Oris
1032 184 1131 215 honor

978 230 1045 268 jam
1070 228 1288 267 defi-oraverat,

936 277 1033 315 Quem
1056 277 1184 315 macies,

984 332 1073 362 quern
1098 323 1167 354 sitis
1191 322 1328 360 asperat,

935 369 1131 401 Excreseunt
1153 368 1202 400 illi

983 416 1067 447 nivei
1091 414 1269 453 modicique
1294 411 1412 451 capilli.

999 500 1044 531 In
1071 500 1101 531 3.
1128 498 1352 529 Noeturno.

1082 561 1276 597 Antiphonem.

905 646 912 652 .
937 620 1071 653 Femina
1095 628 1174 659 sum,
1199 619 1334 659 Zosima,

983 667 1138 699 scelerum
1161 666 1323 698 molimine
1345 665 1459 705 prima,

938 713 1077 754 Suppleo
1101 714 1295 753 praeteritae

981 761 1084 792 scelus
1105 764 1135 792 et
1162 760 1327 799 dispendia
1351 759 1444 793 vitae.

905 842 912 849 .
938 818 1046 849 Poena
1070 817 1264 856 voluptatem

984 864 1120 905 redimit,
1147 864 1217 895 sitis
1243 864 1440 903 ebrietatem,

939 911 1023 943 Crux
1046 911 1171 942 mollem
1196 913 1339 950 stratum,

987 957 1111 989 devotio
1136 965 1227 989 sacra
1251 960 1383 988 reatum.

903 1038 910 1045 .
936 1014 997 1045 Tot
1021 1016 1180 1045 tormenta
1202 1011 1271 1044 fere

987 1058 1065 1099 fero,
1078 1059 1276 1099 quotprobra
1284 1060 1489 1101 praeteriere,

939 1106 1098 1146 Quidquid
1120 1107 1267 1145 peccavit

984 1163 1067 1194 caro,
1090 1154 1193 1185 carnis
1215 1153 1344 1185 victima
1367 1153 1456 1187 lavit.

1078 1227 1283 1263 Responsoria.

905 1300 912 1307 .
939 1276 1039 1308 Orans
1064 1283 1168 1307 coram

985 1322 1069 1353 senis
1092 1321 1208 1352 intuitu

939 1369 1067 1400 Transit
1093 1369 1197 1400 coelos

984 1415 1089 1447 Maria
1111 1414 1236 1454 spiritu,

941 1462 1019 1494 Caro
1042 1464 1188 1501 mentem,

986 1517 1045 1547 quo
1070 1511 1185 1548 potest,
1210 1508 1352 1548 sequitur

938 1556 983 1587 Et
1006 1564 1026 1586 a
1048 1558 1134 1586 terra

985 1604 1052 1633 tota
1075 1602 1289 1641 suspenditur,

937 1648 999 1680 Est
1021 1650 1180 1687 tamquam
1203 1651 1308 1681 terrae

986 1695 1085 1726 nollet
1111 1696 1256 1735 contagia
1279 1694 1376 1731 ferre.

908 1777 915 1783 .
941 1751 1069 1791 Signum
1095 1753 1195 1783 crucis

985 1799 1160 1837 imprinens
1181 1797 1277 1831 fluvio

938 1845 1068 1877 Transit
1089 1845 1178 1877 illum

988 1892 1073 1924 sicco
1095 1894 1241 1934 vestigio,

939 1939 984 1970 Et
1007 1948 1138 1979 vespere

990 1994 1106 2018 coenae
1128 1987 1314 2020 Dominicae

944 2033 1079 2065 Turmae
1105 2033 1198 2066 datur

990 2089 1092 2112 eomes
1116 2082 1287 2125 angelicae,

939 2126 1109 2159 Victricem
1131 2129 1241 2160 mundi

990 2173 1137 2208 dissolvit
1158 2176 1264 2215 prima.
1285 2177 1426 2209 secundi.

942 2230 1134 2270 Peragrante

991 2277 1150 2309 desertum
1173 2278 1297 2311 Zosima

943 2322 1045 2364 Super
1069 2327 1155 2356 artus

990 2374 1133 2403 carentes
1156 2372 1262 2405 anima
