1650 2587
736 86 968 123 -89—

225 188 258 220 3.
284 187 464 221 Clementer
488 185 575 225 plebi

326 234 495 266 miserator
519 232 629 265 adesto
654 232 809 273 precanti,

281 281 340 320 Qui
365 279 534 312 recolendo
559 279 606 311 tui

328 326 491 369 solemnia,
519 326 656 368 Christe,
683 326 821 359 Gerardi

280 375 385 415 Ipsius
411 373 450 405 ob
476 374 623 406 meritum

326 422 386 454 tibi
413 422 469 454 dat
491 422 663 461 praeconia
691 421 831 454 laudum.

245 496 251 503 .
280 469 344 503 Hic
367 469 428 502 tibi
455 468 662 509 complacitus

328 516 421 549 factis
447 518 478 547 et
503 516 630 548 nomine
655 516 769 549 clarus.

386 631 415 662 A
427 629 447 661 d
472 630 500 662 L
508 638 528 661 a
536 638 556 661 u
566 629 586 661 d
597 638 614 661 e
623 638 648 662 s.

424 694 618 730 Antiphonae.

247 778 256 786 .
284 752 446 785 Gerardus
471 752 600 791 praesul
624 752 751 793 nobilis,

283 799 395 832 Custos
421 799 513 830 ovilis
537 799 676 842 Domini,

284 847 378 880 Vitae
401 845 536 878 nutrivit
558 846 675 885 pabulo

285 894 474 926 Commissos
499 892 560 925 sibi
584 894 728 933 populos.

251 976 259 984 .
286 950 422 982 Talenta
446 949 508 981 sibi
533 950 656 981 credita

283 998 347 1029 Hic
370 998 514 1037 reportat
539 996 687 1036 duplicia,

283 1044 329 1076 Et
352 1043 468 1075 meruit
491 1043 658 1082 percipere

281 1092 425 1132 Regnum
450 1091 598 1121 aeternae
623 1090 751 1129 gloriae.

226 1153 232 1161 ⁴
252 1173 258 1180 .
284 1147 347 1180 Hic
372 1149 519 1186 satagens
544 1146 681 1178 viriliter

282 1195 327 1227 Et
351 1194 485 1235 vigilans
510 1194 667 1234 sagaciter

283 1242 433 1281 Implevit
453 1241 543 1279 jussa
566 1241 694 1273 Domini

283 1289 406 1321 Fidelis
431 1296 518 1319 more
542 1286 663 1320 famuli.

249 1372 255 1378 .
282 1345 442 1385 Hymnum
469 1352 615 1375 canamus
640 1344 784 1385 Domino,

284 1392 464 1424 Gerardum
489 1391 668 1423 sacerdotio

284 1439 343 1478 Qui
368 1439 462 1479 digne
483 1436 571 1478 fungi
597 1438 709 1469 tribuit

278 1486 323 1518 Et
348 1485 426 1517 coeli
453 1493 583 1525 regnum
607 1485 749 1517 contulit.

901 187 931 218 5.
960 185 1106 218 Laudum
1133 187 1226 216 canat
1252 184 1459 216 concentibus

961 233 1120 265 Christum
1146 232 1248 263 clerus
1274 233 1306 263 et
1329 232 1476 271 populus

961 280 1061 312 Beato
1088 278 1140 319 qui
1164 281 1350 319 perpetuam

964 326 1108 360 Gerardo
1136 325 1257 358 confert
1283 326 1426 366 gloriam.

1075 467 1121 496 Ad
1140 467 1324 495 Benedictus.

891 535 932 568 A.
959 535 1122 568 Gerardus
1146 535 1276 574 praesul
1299 534 1427 577 nobilis,

963 582 1079 615 Servus
1104 582 1245 621 prudens
1271 584 1303 613 ct
1326 582 1466 624 humiliS,

1011 630 1069 669 Qui
1093 629 1273 660 sanctitatis
1299 630 1391 669 copia

962 677 1125 716 Completo
1151 676 1236 708 vitae
1260 677 1363 716 spatio

963 723 1050 756 Coeli
1074 725 1197 755 locatur
1224 723 1314 764 solio,

1007 771 1131 803 Fruens
1155 770 1286 810 perenni
1310 771 1429 811 gloria3

963 818 1084 858 Corpus
1110 817 1178 857 ejus
1202 820 1308 849 terrae
1336 818 1440 856 datur,

962 866 1133 905 Sepultura
1159 864 1326 896 decoratur

1008 911 1167 944 Tullensis
1193 911 1339 944 ecclesia.

1030 1091 1076 1122 In
1103 1091 1133 1121 2.
1161 1089 1377 1129 Vesperis.

1076 1173 1121 1201 Ad
1139 1172 1317 1209 Magnificat.

925 1275 932 1282 .
960 1250 984 1283 Ο
1012 1249 1165 1288 Geraffle,
1191 1250 1388 1281 Tullensium

961 1297 1050 1329 Bone
1075 1298 1137 1330 dux
1164 1299 1196 1328 et
1219 1295 1386 1338 refugium,

1007 1345 1070 1376 Pro
1094 1344 1186 1375 nobis
1206 1344 1326 1384 J'ugiter
1351 1353 1416 1386 ora,

960 1392 1046 1423 Audi
1072 1399 1183 1431 preces
1206 1391 1380 1433 humilium,

961 1438 1051 1470 Pium
1075 1440 1243 1477 praestans
1269 1437 1448 1478 saffragium

1007 1485 1052 1516 Et
1074 1493 1158 1516 nunc
1183 1488 1214 1516 et
1238 1485 1272 1516 in
1293 1486 1404 1517 mortis
1420 1486 1507 1519 hora.

287 1571 373 1598 Brev.
399 1577 451 1598 ms·
471 1569 611 1597 Tullense
637 1577 713 1597 saec.
737 1565 779 1596 15.
800 1567 842 1600 (in
861 1569 1074 1604 Privatbesit-z).
1094 1569 1129 1596 A.
1150 1583 1185 1587 ——
1206 1570 1291 1596 Brev.
1311 1578 1363 1596 ms.
1385 1569 1415 1597 S.
1436 1569 1513 1596 Deo-

210 1609 271 1636 dati
300 1616 376 1636 saec.
408 1605 451 1635 16.
479 1606 553 1634 Glm.
575 1608 728 1634 Monaeeu.
756 1604 863 1633 10909.
889 1607 922 1634 B.
948 1621 985 1625 —-
1014 1608 1100 1635 Brev,
1126 1607 1264 1634 Tunense
1294 1608 1364 1643 imp.
1389 1607 1512 1635 Parisiis

211 1645 291 1674 1510.
315 1647 339 1673 C
375 1662 413 1666 —-
432 1645 467 1672 In
489 1643 513 1672 1.
533 1645 621 1679 Vesp.
643 1645 680 1672 ad
703 1645 802 1680 Magn.
823 1643 842 1670 Α
862 1644 935 1672 fehlt
953 1645 986 1672 B.
1007 1659 1043 1663 —
1064 1646 1100 1673 In
1119 1644 1212 1672 Laud.
1235 1643 1257 1670 Α
1281 1643 1304 1680 1,
1325 1644 1345 1672 4
1365 1646 1423 1673 sibi
1441 1644 1514 1672 fehlt

209 1685 242 1712 B.
264 1699 297 1703 —
318 1682 341 1711 Α
363 1682 388 1718 2,
415 1680 429 1711 1
451 1683 510 1711 sibi
530 1684 693 1711 commissa.
715 1684 748 1710 B.

572 1850 621 1882 32.
662 1850 706 1883 De
724 1859 748 1883 s.
773 1850 924 1891 Gregorio
945 1849 1140 1891 Lingonensi.

343 1942 389 1973 Iu
417 1940 449 1975 1.
473 1940 692 1980 Vesperis.

397 2005 443 2033 Ad
461 2004 641 2041 Magnificat.

207 2055 248 2088 A.
276 2055 339 2088 Hic
363 2062 454 2086 sacer
479 2055 525 2085 est
551 2054 678 2093 praesul

326 2102 482 2134 coelorum
504 2101 577 2139 jure
601 2101 740 2136 colonus.
959 2102 1141 2134 Laudemus
1166 2109 1272 2141 regem

279 2150 461 2190 Gregorius
488 2147 542 2187 qui
565 2148 744 2180 mundanae
1007 2152 1188 2181 cunctorum
1226 2151 1353 2188 sceptra
1393 2152 1501 2182 tenen-

325 2197 387 2229 sibi
412 2195 528 2237 gaudia
553 2204 688 2235 pompae
1282 2199 1356 2237 tem,

291 2242 465 2284 supposuit
489 2251 681 2283 regnumque
704 2243 771 2284 poli
961 2243 1020 2283 Qui
1045 2241 1106 2275 sibi
1132 2241 1325 2283 Gregorium

320 2293 438 2324 virtute
462 2290 584 2330 petivit.
1004 2289 1138 2323 sociavit
1160 2290 1194 2322 in
1211 2291 1339 2324 aethere
1356 2294 1510 2326 sanctum.

1020 1950 1081 1982 Ad
1106 1947 1372 1983 Matutinum.

1091 2033 1307 2061 Invitatorium.
