1651 2588
732 97 988 131 —232—

346 192 390 224 In
418 192 447 224 1.
474 193 698 225 Noeturno.

427 265 619 302 Antiphonae.

231 333 260 365 1.
287 332 394 363 Sancti
418 332 526 364 Severi
549 333 642 373 Syria

285 378 408 410 Natalis
433 377 493 411 fuit
516 380 629 420 patria,

286 425 343 457 Cui
366 426 464 465 regali
488 427 587 466 gloria

283 471 454 503 Fulserunt
476 473 628 506 natalitia.

227 548 257 579 2.
283 547 319 578 In
345 546 433 578 annis
458 547 612 586 pueritiae

284 593 393 624 vitans
419 601 547 625 caenum
571 593 720 625 lasciviae

282 639 381 671 Recta
404 648 439 670 se
464 641 552 672 dedit
576 640 642 671 acie

283 685 414 717 Literali
433 687 592 721 scientiae.

225 762 254 793 3.
282 761 385 793 Sacris
410 768 524 792 vacans
549 761 696 800 operibus

281 807 387 839 Mores
412 810 503 839 ornat
525 808 704 845 virtutibus,

283 855 405 886 Pernox
427 854 461 885 in
485 855 544 887 Dei
568 855 713 887 laudibus

283 900 386 932 Genus
411 901 604 933 transcendit
624 902 771 934 moribus.

413 984 618 1020 Responsoria.

223 1041 252 1072 1.
277 1040 360 1071 Dum
384 1042 506 1073 teneret

326 1087 456 1118 antistes
480 1088 608 1120 Betieus

278 1134 467 1172 Agathensis

326 1180 410 1211 sedis
435 1181 596 1223 regimina,

278 1227 461 1257 Animarum

326 1271 429 1304 fidelis
453 1275 602 1314 mediam,

279 1319 337 1351 Pia
361 1319 424 1350 suis

327 1368 491 1404 praestans
516 1368 678 1407 solamina,

279 1413 328 1444 En
353 1412 394 1443 ad
417 1415 517 1452 patris

326 1459 464 1497 ejusdem
490 1460 607 1492 famina

278 1505 318 1536 Se
344 1506 459 1537 direxit

323 1552 437 1591 hospes
463 1554 629 1596 theoricus,

209 1599 245 1630 V.
277 1598 437 1630 Redditur
461 1599 512 1631 hie
536 1601 645 1643 laetus,

325 1645 407 1676 senis
432 1646 506 1677 almi
532 1646 649 1679 famine
674 1647 783 1681 fretus„

220 1720 252 1752 2.
277 1720 450 1751 Perorante

323 1766 375 1804 pio
399 1766 547 1804 pontifice

278 1812 381 1843 Sacris
407 1817 498 1851 paret

324 1858 457 1890 Severus
480 1861 605 1893 monitis

275 1905 317 1936 Et
343 1905 399 1936 sub
424 1908 511 1938 tanto

323 1952 432 1983 salutis
457 1953 562 1986 indice

276 1999 392 2030 Pedem
417 1998 486 2039 figit

322 2045 354 2076 in
379 2045 439 2077 Dei
464 2048 582 2079 semitis

275 2091 318 2123 Et
342 2101 399 2131 per
422 2093 514 2133 hujus

323 2139 450 2171 verbum
476 2141 625 2173 antistitis

276 2185 423 2218 Caritatis

321 2231 464 2265 firmatur
488 2235 588 2276 apice,

205 2278 242 2313 V.
272 2279 342 2312 Hae
365 2280 481 2312 virtute
506 2281 582 2314 foris

321 2327 472 2360 emittitur
496 2339 573 2361 aura
596 2330 728 2363 timoris.

903 193 933 224 3.
964 189 1172 223 Confirmatus

1006 237 1140 269 Severus
1162 245 1302 277 propere

959 284 1033 315 Viro
1060 284 1118 316 Dei

1006 339 1131 362 censum
1154 330 1304 372 exhibuit,

958 377 1055 416 Quem
1080 380 1258 417 susceptum

1003 425 1035 455 in
1062 424 1154 456 turba
1178 432 1318 463 paupere

956 471 1176 510 Dispergendo

1002 517 1083 549 bene
1108 517 1279 556 distribuit,

955 564 1017 604 Sic,
1039 572 1118 604 quae
1141 566 1246 595 mente

999 611 1064 650 jam
1091 611 1208 642 dudum
1232 610 1343 649 tenuit,

957 658 1143 690 Venerando

1002 705 1169 743 complevit
1193 712 1297 743 opere,

884 751 921 783 V.
955 752 1100 783 Praemia
1126 751 1279 783 debentur

1000 798 1060 837 his,
1087 799 1139 837 qui
1163 798 1288 829 miseris
1303 797 1501 828 miserentur.

1010 912 1055 942 In
1081 912 1112 943 2.
1138 910 1368 943 NoeturnO.

1096 984 1290 1019 Antiphonae.

894 1041 924 1073 1.
950 1041 1052 1073 Multo
1078 1040 1210 1073 fractam
1233 1041 1353 1080 jejunio

953 1087 1083 1119 Carnem
1108 1088 1233 1128 subegit
1252 1088 1344 1127 ratio,

955 1134 1049 1173 Cujus
1076 1136 1168 1167 datur
1193 1133 1297 1166 officio

952 1181 1111 1220 Spiritalis
1134 1180 1275 1213 refectio.

897 1238 926 1269 2.
954 1237 1084 1269 Cilieino
1109 1238 1264 1269 velamine

954 1283 1123 1315 Contentus
1147 1284 1265 1323 absque
1290 1285 1449 1326 stramine,

953 1331 1057 1363 Orudo
1081 1333 1189 1369 pastus
1213 1331 1381 1370 legumine,

950 1377 1034 1408 Puro
1058 1380 1187 1416 potatur
1209 1376 1346 1409 flumine.

895 1434 926 1467 3.
953 1433 1096 1464 Paternis
1121 1433 1214 1464 rebus
1238 1433 1384 1475 venditis,

952 1479 1022 1511 Suis
1048 1489 1176 1519 prorsus
1200 1481 1394 1520 postpositis,

950 1528 1054 1558 Intrat
1078 1535 1145 1557 cum
1170 1527 1278 1566 paucis
1303 1526 1438 1558 subditis

952 1573 1056 1604 Salum
1083 1574 1180 1613 Aegei
1206 1574 1348 1613 gurgitis

1086 1666 1291 1701 Responsoria.

893 1723 923 1754 1.
949 1722 1019 1754 Jam
1044 1722 1193 1762 impensis

993 1769 1146 1800 thesauris
1171 1770 1314 1802 omnibus

948 1815 1052 1846 Semet
1076 1817 1182 1847 volens

995 1863 1283 1903 superimpendere,

949 1909 1082 1940 Domum
1107 1911 1243 1953 brevem,

997 1958 1104 1988 cannis
1129 1960 1160 1989 et
1183 1959 1314 1990 sudibus

948 2003 1001 2035 Ad
1025 2005 1214 2036 manendum

994 2051 1109 2090 sategit.
1132 2054 1264 2095 struere,

945 2096 994 2128 Ibi
1021 2106 1131 2130 curans

995 2148 1180 2183 praesenter
1203 2156 1318 2189 serere,

949 2191 1037 2229 Quod
1062 2191 1175 2225 futuris

994 2239 1159 2277 prodesset
1183 2242 1345 2285 messibus,

879 2283 914 2315 V.
943 2285 1029 2317 Urbs
1057 2289 1125 2318 erat
1147 2288 1179 2319 in
1206 2297 1291 2332 cura,

991 2341 1053 2364 non
1078 2343 1237 2378 praesens,
1264 2337 1358 2368 immo
1380 2336 1496 2369 futura.
