1650 2587
716 68 949 103 *41*

259 162 363 194 Intrat
387 162 466 194 coeli
491 162 639 202 gaudium

308 209 429 251 Victor,
456 208 540 248 quod
565 209 696 248 optavit.

225 289 233 297 .
259 264 309 296 De
334 264 418 297 bello
443 264 535 297 victis
560 263 702 296 hostibus

307 310 402 343 Miles
426 311 545 351 probus
571 311 762 353 regreditur,

258 358 418 399 Benignus
444 358 560 397 spretis
584 357 728 389 omuibus

307 404 436 437 Coelum
462 405 551 438 dives
573 404 761 444 ingreditur.

226 485 234 492 .
259 460 462 501 Benignitate
486 460 661 501 praeditus,

306 507 467 547 Benignus
492 508 686 548 plenissime,

258 555 401 587 Tandem
428 554 539 595 dignus
565 557 613 587 est
636 554 763 587 habitus

306 601 423 634 Locari
449 602 641 642 dignissime.

228 682 234 689 .
261 659 334 692 Jam
359 660 482 697 martyr
505 657 538 689 in
563 658 665 699 gloria

308 705 456 746 Regnans
481 713 553 737 cum
576 705 677 737 beatis

262 752 367 785 Multa
391 751 545 784 beneficia

310 800 456 832 Praestat
480 799 635 833 sanitatis.

397 894 604 928 Responsoria.

227 973 235 981 .
261 949 437 982 Sanctitate

309 996 419 1035 plenus
444 998 476 1028 et
501 997 605 1038 gratia

259 1043 320 1076 Dei
346 1051 456 1076 servus

307 1090 456 1131 objurgat
477 1090 564 1131 vitia,

259 1139 381 1170 Poenas
406 1136 516 1169 suffert

307 1187 339 1216 et
364 1184 534 1225 vituperia,

258 1232 358 1264 Nulla
380 1233 487 1263 tamen

305 1277 424 1311 fractus
447 1278 575 1318 injuria.

222 1350 229 1357 .
261 1325 452 1359 Subularum

310 1371 411 1405 fortes
435 1372 537 1405 aculei

259 1420 353 1452 Hunc
376 1429 439 1452 non
462 1423 588 1452 mutant

307 1476 327 1498 a
350 1469 436 1499 statu
460 1465 546 1501 fidei.

226 1548 233 1556 .
258 1525 393 1556 Praeses
416 1523 573 1557 nefandus
598 1523 754 1557 ferculum

306 1570 456 1604 Sanctum
482 1572 568 1614 cogit
592 1572 758 1605 comedere

260 1618 434 1659 Creditque
456 1619 518 1652 Dei
542 1620 702 1652 servulum

305 1666 378 1698 Tali
402 1667 497 1700 modo
520 1670 724 1708 pervertere3

220 1741 227 1748 .
260 1713 337 1746 Cibo
362 1713 452 1755 signo

307 1761 411 1795 crucis
435 1762 581 1803 opposito

261 1808 359 1842 Cibus
382 1809 440 1842 ille

300 1857 448 1901 ,vanescit
471 1857 585 1891 subito.

224 1932 231 1939 .
256 1905 439 1946 Imperator

307 1955 344 1984 ut
366 1954 416 1985 leo
441 1953 569 1993 rugiens

259 2000 411 2033 Sanctum
436 2001 547 2040 poenis

307 2048 419 2088 pulsat
442 2048 635 2087 multotiens,

262 2094 326 2128 Sed
353 2095 515 2135 Benignus

309 2144 423 2174 cuncta
451 2141 630 2182 despiciens

261 2190 334 2223 Non
360 2192 502 2222 mutatur

306 2237 389 2271 sicut
409 2236 582 2277 insipiens3

220 2313 227 2320 .
258 2285 362 2318 Homo
388 2287 516 2317 sanctus

302 2334 337 2366 in
362 2332 520 2373 sapientia

940 161 1052 195 Manet
1077 161 1162 194 sicut

987 208 1062 240 solis
1087 208 1275 241 substantia.

880 273 913 306 4.
939 272 1021 305 Bina
1043 272 1207 312 perfossus
1231 273 1351 313 lancea,

987 320 1086 352 Vecte
1109 328 1278 359 percussus.
1304 319 1407 352 ferreo

939 365 990 398 Ex
1014 365 1075 399 hac
1098 366 1259 408 Benignus
1284 375 1359 399 area

988 413 1075 445 Coeli
1098 413 1221 446 locatur
1246 414 1371 454 horreo,

940 459 1030 492 Stola
1053 461 1193 500 gaudens
1218 469 1381 501 purpurea.

987 507 1176 540 Sanctorum
1202 507 1304 548 fulget
1328 516 1437 541 cunco.

869 554 907 587 V.
940 554 1030 589 Sicut
1054 554 1164 587 botrus

986 605 1110 643 martyr
1134 601 1363 643 comprimitur,

942 648 996 682 Sic
1019 648 1053 681 in
1078 650 1201 682 coelum

983 698 1090 737 justus
1118 696 1296 730 deducitur.

998 831 1044 862 In
1071 831 1103 863 3.
1129 830 1353 862 Nocturno.

1080 903 1126 932 Ad
1147 904 1277 932 Cantica.

868 972 908 1004 A.
936 972 1097 1011 Superans
1121 971 1298 1010 potentiam

984 1019 1114 1058 Martyr
1138 1021 1364 1051 tormentorum

941 1066 1107 1100 Cumulum
1133 1069 1164 1098 ct
1187 1065 1320 1106 gloriam

986 1114 1148 1146 Monstrat
1170 1121 1391 1153 praemiorum.

1069 1198 1276 1232 Responsoria.

885 1255 915 1290 1.
943 1256 1032 1289 Sicut
1055 1265 1186 1297 granum

986 1304 1106 1343 sinapis
1129 1303 1293 1335 minimum

939 1350 1067 1391 Martyr
1089 1351 1199 1391 poenis

988 1398 1118 1431 attritus
1142 1398 1313 1437 plurimum

940 1444 1034 1478 Nunc
1057 1445 1187 1477 odorem

989 1491 1137 1525 diffundit
1161 1492 1315 1532 optimum

940 1540 985 1572 Et
1008 1539 1245 1579 suavissimum

870 1587 909 1620 V.
940 1589 979 1621 In
1002 1587 1138 1627 regionis
1162 1587 1306 1619 terminis

941 1636 1035 1668 Patet
1059 1635 1106 1668 vis
1131 1634 1224 1675 hujus
1250 1635 1388 1667 seminis.

886 1703 917 1736 2.
943 1701 1105 1742 Expedito

990 1750 1030 1782 de
1053 1749 1143 1791 gravi
1168 1748 1292 1782 fabrica

942 1797 1053 1830 Carnis
1078 1796 1173 1830 turba

986 1845 1115 1885 plaudit
1139 1845 1299 1885 angelica3

939 1892 1068 1934 Martyr
1090 1892 1163 1933 Dei,

989 1940 1116 1973 Christo
1141 1949 1225 1972 nunc
1249 1938 1405 1982 supplica,

941 1989 987 2021 Ut
1010 1996 1068 2021 nos
1095 1988 1191 2020 ducat

989 2036 1032 2068 ad
1057 2043 1156 2076 regna
1179 2033 1318 2073 coelica3

870 2084 909 2117 V.
941 2084 966 2117 O
991 2082 1142 2124 Benigne,

989 2139 1048 2170 per
1072 2138 1185 2170 preces
1210 2128 1338 2160 sedulas

945 2179 1153 2211 Peccatorum

994 2226 1127 2265 deterge
1150 2224 1302 2257 maculas.

889 2286 920 2318 3.
948 2283 1097 2315 Sanctum
1123 2290 1213 2314 suum
1238 2280 1388 2314 mirificat

991 2329 1137 2363 Christus
1162 2338 1244 2363 novo
1268 2328 1432 2370 miraculo,
