1650 2587
723 135 975 171 -175-

234 251 242 259 .
273 226 421 265 Quamvis
445 228 582 261 imbellis

319 275 416 307 nullis
443 276 585 308 cedendo
610 275 752 317 flagellis.

239 364 245 370 .
273 340 446 373 Illecebras
470 342 573 374 carnis

315 388 375 419 viri
400 388 538 421 subdens
563 390 694 422 rationis

271 435 420 476 Conjugis
446 436 609 475 amplexus

320 482 453 515 celebris
478 484 599 522 sprevit
623 484 797 524 MeneleuS,

229 554 237 560 .
269 529 316 562 Ut
339 529 421 561 liber
446 529 571 563 Christo

312 577 448 608 serviret
472 581 601 616 pectore
627 581 723 611 casin.

334 709 380 740 In
407 711 439 742 2.
466 708 694 743 NocturnO.

419 783 613 818 Antiphonae¹

236 874 243 881 .
270 850 423 889 Angelico
443 851 534 890 jussu
560 851 664 890 discit,

271 897 361 936 Quod
386 897 473 929 Deus
500 896 608 929 facere
631 898 728 929 vellet

273 943 409 975 Domum
435 943 497 975 sibi
523 944 751 985 complacitam,

271 990 414 1023 Orationi
440 999 618 1031 congruam.

235 1082 242 1090 .
270 1057 416 1088 Terroris
449 1065 511 1088 non
538 1066 651 1090 curans
677 1057 777 1089 minas

271 1104 336 1136 Ore
359 1103 492 1135 Baronti
515 1103 673 1144 profusas,

269 1150 411 1183 Invictus
435 1150 526 1182 miles
550 1151 701 1190 perstitit,

272 1197 423 1230 Catervas
447 1197 582 1229 militum
608 1196 713 1239 fregit.

233 1278 240 1286 .
266 1254 328 1286 Pro
353 1254 513 1293 responsis
539 1255 641 1286 sancti
665 1254 725 1287 viri

268 1300 383 1332 Tristis
408 1302 531 1333 animus
556 1302 698 1341 Baronti‚

269 1348 429 1387 Evaginat
455 1357 561 1380 ensem
586 1357 686 1391 secus,

269 1396 367 1435 Quem
380 1395 489 1435 perdit
498 1404 619 1439 caecus,
635 1399 822 1428 contractus.

233 1478 241 1485 .
270 1451 403 1492 Cognita
428 1452 553 1485 comissi
578 1452 673 1491 culpa

266 1499 424 1531 Barontus
448 1500 607 1540 promittit
630 1503 713 1539 vota,

266 1545 392 1578 Dehinc
415 1547 513 1579 vitam
539 1546 708 1579 emendare

266 1593 312 1625 Et
335 1593 397 1625 Dei
420 1595 522 1626 virum
549 1595 668 1627 dotare.

233 1675 240 1682 .
266 1651 478 1683 Arvernensis
504 1651 680 1691 episcopus,

267 1698 385 1729 Beatus
409 1697 577 1738 Eusebius,

265 1743 475 1785 Theofrcdus,
502 1745 601 1777 abbas
626 1744 714 1786 felix,

265 1792 360 1824 Hunc
381 1795 567 1825 consecrant
585 1793 675 1825 donis
692 1793 819 1826 sanctis.

232 1873 238 1880 .
266 1849 442 1883 Clericatus
468 1848 607 1882 officium

265 1896 400 1929 Sanctus
424 1897 588 1929 Meneleus
615 1897 742 1937 dignum

265 1945 296 1975 A
321 1943 440 1976 sanctis
466 1945 606 1984 suscepit
630 1945 717 1986 viris,

267 1991 359 2024 Omni
384 1991 503 2024 honore
528 1992 701 2032 condignis

406 2085 612 2121 Responsoria.

229 2178 236 2185 .
264 2152 425 2187 Christum
450 2155 555 2184 mente
577 2161 688 2193 gerens

314 2202 347 2232 et
374 2199 534 2240 gressibus
561 2201 627 2240 ejus
653 2200 821 2234 inhaerens

265 2249 387 2280 Terrea
410 2248 590 2288 postposuit

314 2295 464 2327 coelestia
487 2295 557 2327 sola
579 2295 703 2336 petivit,

225 2372 233 2379 .
262 2343 420 2384 Flagrans
446 2342 573 2375 divinae

313 2391 432 2432 speciei
456 2399 587 2432 prorsus
613 2399 728 2425 amore.

897 233 927 263 2.
954 231 1094 272 Angelus
1119 231 1268 262 aetherea

999 278 1170 318 splendens
1201 277 1340 309 directus
1366 277 1405 308 ab
1431 278 1503 309 aula

954 324 1134 365 Alloquitur
1158 326 1300 356 sanctum

1000 372 1172 412 repetendo
1196 373 1246 402 ter
1269 371 1459 412 Meneleum,

884 419 920 451 V.
954 420 1098 451 Pandens
1122 427 1277 450 secessum

1002 465 1116 499 divinis
1142 465 1276 497 cultibus
1301 467 1419 505 aptum.

897 543 926 574 3.
955 541 1106 580 Princeps
1129 541 1257 573 insanus

998 588 1143 620 turbatus
1167 590 1272 619 mente
1295 588 1451 619 Barontus

954 634 1081 675 Desipit
1104 635 1237 667 amissae

1001 680 1118 714 deflens
1144 682 1309 720 dispendia
1334 683 1437 720 natac,

883 729 921 761 V.
951 728 1049 767 Quam
1073 728 1143 769 tibi,
1169 728 1304 768 Christe,
1329 731 1401 760 tuus

1025 777 1164 808 lucratus
1190 778 1259 807 erat
1281 775 1454 808 Meneleus.

1012 945 1059 976 ln
1085 946 1115 977 3.
1138 944 1368 977 Nocturno.

1096 1027 1140 1055 Ad
1162 1028 1292 1055 Cantica.

882 1108 921 1137 A.
951 1105 1083 1136 Athleta
1107 1103 1209 1143 fortis,
1235 1104 1389 1144 Menelee,

950 1152 1123 1184 Precamur
1148 1150 1232 1183 feras
1256 1160 1367 1190 preces

951 1198 1085 1230 Nostras
1110 1207 1205 1238 super
1228 1198 1343 1235 sidera,

952 1246 1018 1284 Quo
1043 1254 1219 1277 mereamur
1241 1245 1377 1285 adipisci

950 1292 1011 1324 Dei
1037 1293 1119 1324 dona
1140 1295 1172 1324 te
1196 1291 1324 1324 favente

953 1341 1015 1372 Per
1038 1341 1168 1372 aeterna
1191 1340 1327 1373 saecula.

1088 1451 1292 1487 Responsoria.

896 1529 925 1561 1.
952 1528 1070 1560 Missus
1095 1528 1134 1559 ab
1160 1528 1307 1560 aetherea

998 1575 1141 1607 coelestis
1166 1576 1293 1607 nuntius
1318 1576 1391 1608 aula

952 1622 1128 1654 Sollicitum
1152 1623 1253 1654 sancti

997 1672 1133 1702 mentem
1157 1670 1275 1702 solidat
1301 1671 1448 1713 Menelei,

882 1718 918 1750 V.
948 1717 1096 1750 Paudens
1122 1726 1278 1749 secessum

999 1764 1116 1798 divinis
1141 1764 1277 1796 cultibus
1302 1769 1419 1805 aptum.

892 1843 923 1873 2.
950 1841 1064 1873 Inclite
1089 1840 1251 1873 confessor

998 1888 1125 1931 Christi,
1152 1889 1298 1921 Menelee
1321 1889 1422 1931 beate,

949 1935 1068 1968 Nostra
1091 1936 1153 1975 piis
1178 1936 1326 1976 precibus

999 1984 1070 2015 dele
1095 1984 1220 2021 delicta,
1248 1993 1403 2025 rogamus,

879 2032 916 2064 V,
949 2030 993 2063 Ut
1019 2031 1144 2064 Christo
1166 2036 1267 2062 tecum

995 2078 1073 2111 laeti
1096 2078 1251 2110 sociemur
1274 2083 1308 2110 in
1332 2088 1455 2112 aevum.

891 2157 922 2188 3.
949 2155 1027 2186 Post
1051 2157 1296 2186 consummatum

996 2201 1097 2243 regali
1120 2201 1248 2234 tramite
1273 2211 1399 2235 cursum

955 2248 1049 2281 Coelo
1075 2252 1240 2289 susceptus

998 2299 1108 2337 regnat
1131 2306 1191 2336 per
1216 2298 1320 2330 saecla
1342 2299 1463 2342 boatus,

882 2345 917 2378 V.
948 2345 1089 2376 Aeterna
1113 2345 1180 2377 vita

998 2401 1119 2425 summa
1142 2393 1289 2425 mercede
1313 2397 1452 2434 recepta.
