1651 2588
677 96 935 130 —108—-

234 190 318 217 BreV.
333 199 384 218 ms.
399 191 429 219 S.
444 190 596 225 Sepulchri
612 189 797 217 Cadomensis
812 197 886 217 eaeo.
903 187 946 216 14.
965 190 1005 216 in.
1027 189 1095 216 Cod.
1110 189 1237 216 Parisin.
1251 185 1374 223 (Arsen.)
1387 185 1452 213 279.

161 227 196 255 A.
215 241 251 246 —
271 227 358 256 Brev.
377 237 431 255 ms.
449 228 623 255 vivariense
642 228 713 254 anui
733 223 815 253 1342.
836 226 904 254 Cod.
928 226 957 253 S.
978 225 1101 260 Josephi
1114 226 1284 262 Lugdunen.
1304 224 1354 251 Ya
1373 222 1398 250 6.
1422 224 1452 249 Β.

161 278 198 284 ——
223 265 307 292 Brev.
337 274 389 293 ms.
409 266 584 293 Vivariense
611 273 685 292 saec.
707 262 749 291 15.
772 263 840 290 Cod.
862 263 890 290 S.
911 261 1033 299 Josephi
1052 263 1222 299 Lugdunen.
1243 263 1294 290 Ya
1313 260 1338 287 7.
1361 261 1392 287 C.
1417 275 1455 280 —

161 303 246 329 Brev.
266 311 318 330 ms.
347 305 582 331 cenomannense
602 310 676 329 saec.
699 299 742 329 15.
764 300 832 328 Cod.
854 299 1092 336 Sangenovefian.
1114 300 1185 327 BBl.
1205 297 1268 327 IV⁰
1290 296 1334 325 14.
1355 298 1390 325 D.
1420 312 1455 316 —

236 340 293 367 Die
312 340 418 368 letzten
438 339 455 368 3
468 340 537 367 Hss.
557 340 653 367 haben
672 340 703 366 in
725 336 748 364 L
762 338 849 372 Vesp.
868 336 885 364 5
900 336 946 363 ΑΑ
968 345 1054 371 super
1066 336 1120 370 Ps.,
1142 337 1190 364 die
1207 338 1274 364 teils
1294 335 1454 370 prosaisch,

161 376 228 404 teils
248 377 374 405 anderen
396 378 516 406 Offieien
537 377 668 405 entlehnt
686 375 765 409 sind;
786 376 813 403 R
831 375 917 408 felilt3
938 375 975 402 ad
997 374 1094 409 Magn.
1116 373 1152 400 A:

552 415 683 442 Prudens
702 413 784 448 virgo
804 412 976 445 Katharina,

556 452 657 485 Qualis
678 459 710 478 es
730 458 795 477 eum
815 458 921 485 sponso
938 452 997 484 tuo,

556 489 613 522 Qui
633 491 662 516 te
682 488 771 521 eleg-it
790 487 825 514 de
843 487 958 520 mundo,

555 527 647 559 Quam
667 524 796 561 pulchra,
817 533 904 560 quam
924 523 1076 557 mirabilis,

554 564 671 597 Quanta
688 563 754 590 luce
774 561 959 598 spectabilis!

553 601 632 628 Inter
652 600 723 628 Sion
738 599 911 633 juvenculas

554 638 595 665 Et
614 637 800 666 Hierusalem
822 637 899 664 filias

552 676 693 703 Thalamo
713 675 822 711 gaudes
842 676 922 711 regio

555 713 716 748 Conjuncta
733 713 790 740 Dei
809 712 880 740 filio.

161 753 195 815 {311
208 749 241 815 11.
261 752 345 779 Noet.
365 751 391 779 A
410 750 436 786 3,
458 749 475 777 2
495 752 616 778 mixtum
639 751 697 779 AD.
719 765 754 770 -—
777 748 822 776 RB
845 748 916 778 1—-3
935 749 1094 786 prosaiseh.
1114 749 1199 778 BGD.
1222 765 1259 769 ——
1278 750 1314 776 In
1333 747 1455 777 2.N0ct.

244 790 275 815 in
294 789 385 816 BCD:

376 826 504 863 Angelus
524 827 556 853 in
574 828 653 854 terra
671 825 860 854 descendens:
880 827 963 862 virgo
983 826 1077 858 beata,

377 865 422 892 Ne
440 864 552 897 timeas,
572 865 675 899 inquit,
698 863 828 891 Christus
848 865 878 890 te
896 872 955 890 non
977 870 1093 899 quoque
1112 863 1233 898 linquet,

322 902 356 928 V.
379 901 549 929 Confortans
567 904 697 929 teneram
715 900 842 928 Michael
861 900 1013 936 splendore
1032 900 1168 934 puellam.

165 937 184 964 R
206 936 223 964 2
243 939 300 966 untl
320 936 338 966 3
358 939 507 974 prosaiseh
527 939 611 966 BCD.
631 954 670 958 —
686 939 723 966 In
741 935 768 965 3.
788 938 871 965 Noct.
891 938 944 964 hat
963 937 985 965 C
1004 937 1094 964 allein
1113 937 1247 973 folgende
1267 935 1302 963 A:

367 977 450 1004 Haeo
469 979 513 1003 est
529 984 643 1011 sponsa,
667 984 740 1011 quae
760 976 803 1002 sio
822 983 960 1009 sponsum
980 974 1134 1002 coelestem
1154 975 1265 1009 dilexit,

370 1014 453 1047 Quod
472 1015 601 1040 terrenae
622 1013 773 1049 dignitatis
793 1012 917 1047 gloriam
937 1013 1070 1048 despexit

368 1051 410 1078 Et
432 1059 542 1078 errores
561 1051 650 1078 verbo
670 1052 749 1077 vitae
765 1049 922 1076 multorum
941 1050 1073 1077 correxit.

166 1085 185 1112 R
210 1085 224 1113 1
244 1087 303 1114 und
323 1085 340 1113 2
359 1088 459 1115 lauten
478 1088 509 1114 in
528 1087 604 1115 BCD
624 1087 912 1115 fibereinsfimmend:

318 1126 345 1152 R
365 1123 388 1152 1.
408 1126 509 1152 Manet
527 1127 661 1152 constans
678 1128 706 1152 et
726 1125 837 1151 invicta
857 1126 939 1159 virgo
960 1124 1136 1157 beatissima,

406 1164 451 1190 De
469 1163 587 1196 tyranni
605 1163 812 1190 blandimentis
830 1162 913 1189 nulla
932 1162 1024 1189 sensit
1038 1161 1146 1196 jacula,

407 1200 555 1227 Christum
573 1200 673 1227 mundi
692 1199 865 1227 salvatorem
885 1200 1034 1234 praedicat
1052 1199 1214 1235 intrepida3

351 1238 386 1264 V.
407 1238 431 1265 O
451 1237 563 1264 felicem
584 1236 690 1264 Christi
711 1245 854 1273 sponsam,
875 1245 943 1264 vero
964 1237 1071 1264 claram
1092 1237 1209 1270 lumine,

407 1276 488 1309 Quae
505 1275 617 1310 repleta
636 1275 710 1302 dono
731 1274 785 1301 Dei
805 1274 871 1301 luce
890 1275 1059 1309 sapientiae.

319 1322 346 1349 R
363 1319 390 1348 2.
410 1321 587 1349 Verberibus
604 1329 689 1348 caesa
706 1323 815 1355 martyr
835 1321 988 1348 crudeliter
1008 1321 1085 1347 alma

410 1359 539 1387 Carceris
558 1358 675 1386 horrore
695 1358 875 1386 concluditur
894 1360 1032 1386 interiore

407 1397 485 1424 Filia
504 1399 643 1432 perpetua
657 1396 731 1424 lueis
774 1417 777 1423 .
819 1420 826 1423 .
864 1415 871 1422 .
912 1416 919 1423 .
961 1417 967 1423 .
1009 1417 1015 1423 .
1053 1415 1060 1421 .

351 1434 386 1461 V.
407 1433 546 1461 Redditor
567 1442 582 1461 ο
603 1435 726 1470 patiens,
743 1433 830 1468 justis
850 1433 958 1461 solatia
977 1433 1126 1469 praebens,

407 1472 536 1506 Adspice
555 1471 590 1498 de
611 1472 699 1499 coelo.

164 1507 246 1536 Nach
266 1508 315 1535 der
330 1509 463 1537 Prosella
481 1508 531 1535 der
551 1506 576 1536 3.
597 1510 680 1537 Noet.
700 1510 790 1536 bietet
807 1508 834 1535 A
853 1509 907 1535 mit
926 1509 975 1536 der
994 1508 1121 1536 Rubrik:
1145 1509 1236 1544 „Item
1252 1505 1359 1535 Prosa‘⁴
1380 1508 1456 1535 noch

163 1546 214 1573 das
228 1545 301 1573 Lird
315 1545 455 1582 Sospitati
476 1546 555 1573 dedit
574 1555 675 1583 aegros
694 1545 787 1581 (Anal.
801 1546 838 1579 X,
861 1544 939 1580 224);
960 1545 1036 1574 BCD
1056 1545 1153 1573 haben
1171 1555 1227 1573 nur
1249 1547 1369 1574 letzt-ere
1382 1546 1455 1573 Pro-

165 1582 237 1610 sula.
260 1599 264 1602 -
288 1599 295 1602 -
313 1584 454 1611 InLaud.
475 1582 498 1610 Α
518 1582 544 1617 4,
561 1582 580 1610 2
598 1584 772 1611 mundantur
793 1581 829 1609 A.
853 1597 891 1602 —
911 1584 947 1610 ad
960 1583 1066 1610 Bened.
1088 1581 1119 1616 Α,
1140 1581 1156 1610 1
1176 1586 1268 1611 mater
1292 1591 1346 1610 ave
1363 1583 1402 1610 D.
1419 1597 1457 1602 —

166 1620 313 1654 Hymnen:
334 1621 370 1648 In
389 1622 491 1657 Vesp.:
511 1621 690 1648 Katharinae
711 1620 921 1655 collaudemus3
943 1621 980 1648 ad
992 1620 1090 1647 Noeta
1110 1620 1210 1656 Pange
1228 1622 1330 1656 lingua
1349 1621 1457 1656 glorio-

166 1665 216 1685 sae
227 1657 262 1691 A,
282 1658 327 1685 Ad
346 1659 450 1686 festum
470 1661 587 1686 sanetae
606 1659 729 1693 virginis
745 1657 834 1692 BCD3
856 1658 892 1685 ad
905 1658 1014 1686 Laud.:
1031 1657 1173 1685 Praesens
1197 1659 1259 1686 dies
1280 1658 1458 1694 expendatur

164 1695 198 1729 A7
218 1695 383 1723 Katharina
402 1696 544 1723 mirabilis
563 1695 648 1723 BOD.

586 1786 636 1817 40.
676 1787 718 1817 De
738 1787 847 1816 saneta
864 1785 1039 1817 Landrada.

853 1858 884 1889 3.
910 1855 1000 1887 Haeo
1020 1855 1130 1894 jejuna
1151 1857 1255 1895 pascit
1278 1856 1418 1889 membra

957 1902 1046 1934 Sicco
1071 1911 1161 1945 pane,
1189 1913 1271 1943 aqua
1293 1913 1384 1946 pura.

381 1957 573 1994 Antiphonae.
910 1949 985 1981 Plus
1008 1954 1161 1988 provocat
1185 1952 1319 1985 esuriem

954 1996 1062 2029 Edens
1076 2005 1168 2036 quam
1182 1998 1353 2038 exstinguit
1360 1998 1459 2032 illam.

852 2049 884 2080 4.
910 2049 1075 2088 Humoque
1096 2049 1180 2081 nudo
1202 2050 1313 2092 J'aouit,

909 2096 977 2135 Qua
999 2104 1111 2135 parum
1135 2105 1277 2128 somnum
1296 2096 1420 2136 recipit,

960 2143 1091 2176 Carnem
1115 2152 1204 2175 suam
1226 2143 1352 2184 spiritui

958 2189 1088 2228 Semper
1114 2191 1196 2231 cogit
1219 2200 1253 2222 se
1278 2190 1401 2229 subjici.

181 2243 211 2273 2.
237 2240 299 2272 Dei
323 2250 342 2272 a
361 2240 552 2280 juvenilibus
854 2241 885 2275 5.
910 2241 1013 2273 Vilem
1038 2249 1072 2272 se
1096 2242 1184 2282 virgo
1210 2244 1360 2282 reputans

283 2288 385 2319 Annis
409 2288 540 2328 impleta
563 2288 674 2328 gratia,
959 2288 1058 2319 Actus
1083 2292 1210 2320 exercet
1232 2289 1374 2327 humiles,

237 2335 331 2375 Spem
355 2343 474 2374 ponens
498 2335 532 2366 in
557 2335 743 2367 coelestibus
912 2336 951 2367 In
975 2335 1044 2374 lege
1068 2334 1129 2366 Dei
1153 2337 1309 2369 meditans

283 2381 522 2414 Manum-misit
546 2382 588 2414 ad
608 2381 715 2414 fortia.
960 2382 1079 2414 Noctes
1103 2383 1233 2417 deducit
1256 2385 1289 2414 et
1312 2382 1391 2415 dies.

302 1874 349 1906 In
376 1875 406 1907 1.
432 1875 646 1913 Vesperis.

180 2026 209 2057 1.
236 2025 346 2057 Proles
369 2025 542 2057 Landrada
565 2034 730 2064 procerum

281 2072 402 2112 Regum
430 2074 624 2105 Francorum
650 2072 780 2114 exstitit,

235 2118 347 2150 Multis
368 2120 549 2159 relinquens
573 2120 731 2150 saeculum

282 2165 464 2205 Virginibus
489 2169 522 2197 et
544 2165 691 2205 praefuit.
