1650 2587
675 128 934 163 ——193—

371 218 417 246 Ad
438 219 561 247 Nonam.

150 276 191 308 A.
220 274 308 306 Mole
334 276 437 308 carnis
462 277 542 308 haec
567 280 661 310 exuta

220 321 283 353 Est
309 326 451 363 optatum
477 327 654 365 consecuta,

224 368 324 407 Quam
348 371 382 401 in
406 371 524 403 mundo
550 373 738 416 concupivit,

224 414 319 448 Coelo
344 426 469 456 semper
493 419 559 450 vita
583 417 678 460 vivit;

222 463 304 494 Illuc
328 472 424 504 prece
447 474 505 497 nos
529 466 683 509 includat,

221 509 285 542 Hic
309 520 328 543 a
349 512 442 544 malis
466 521 528 544 non
556 514 713 547 excludat.

293 625 337 656 In
363 626 394 658 2,
422 625 632 665 VesperiS.

342 699 388 726 Ad
407 699 586 735 Magnificat.

149 756 190 787 A.
223 755 330 787 Hodie
356 757 485 789 coelesti
510 767 625 798 sponso

268 812 388 843 sponsa
411 805 597 846 advocatur,

222 848 325 889 Hujus
349 852 441 891 lapso
465 860 559 884 cursu
583 852 668 885 vitae

267 898 334 930 vita
357 898 521 940 gloriatur,

902 225 968 257 Nos
993 226 1026 257 in
1051 225 1118 263 ejus
1142 224 1302 257 solemniis

951 273 1087 311 digniter
1110 272 1273 310 laetemur,

903 320 949 352 Ut
972 320 1004 350 in
1030 318 1155 351 Christo
1181 327 1239 358 per
1265 318 1331 357 ejus

948 366 1062 397 merita.
1086 366 1265 405 gloriemur.

987 451 1013 483 P
1024 459 1041 482 e
1048 459 1065 480 r
1090 450 1114 482 Ο
1128 453 1165 481 ct
1175 459 1220 482 av
1230 460 1249 482 a
1256 458 1296 481 m.

1027 514 1072 542 Ad
1092 514 1269 551 Magnificat.

864 598 870 604 .
903 573 1088 611 Opportuna
1111 572 1263 612 piissima,

902 619 991 659 Roga
1015 619 1126 659 Deum,
1155 618 1346 661 dulcissima,

905 666 948 699 Ut
972 665 1097 697 auferat
1123 666 1291 705 miseriam,

902 712 1002 744 Nobis
1025 713 1177 745 concedat
1202 713 1335 755 veniam,

903 759 1002 791 Preoe
1027 763 1080 791 tua
1104 760 1290 797 relevemur,

902 807 941 838 In
966 806 1099 837 excelsis
1121 806 1330 845 sublevemur,

903 853 953 885 Ibi
978 857 1080 885 tecum
1105 847 1294 891 maneamus,

900 899 975 931 Sine
1001 900 1065 932 fine
1088 900 1287 939 gaudeamus

224 962 309 990 Brev.
330 973 381 991 ms.
395 963 699 1000 Romano-Augustin.
720 972 794 991 saec.
812 961 854 991 15.
871 963 940 991 God.
954 965 1078 992 Pal-isin.
1096 962 1177 992 1094.
1198 980 1200 983 -
1218 979 1235 983 -
1254 964 1302 991 An
1315 963 1453 998 Hymnen

147 1000 275 1036 gehoreu
296 1009 333 1027 zu
353 1001 461 1028 diesem
476 1000 622 1029 Officium:
644 1001 679 1027 In
692 1002 793 1036 Vespa
815 1000 1014 1035 Opportunam
1038 1001 1216 1030 celebremus
1223 1013 1230 1038 3
1252 1001 1289 1029 ad
1304 1000 1451 1037 Complet:

149 1039 223 1066 Jesu
243 1046 350 1065 corona
368 1039 529 1073 virginum3
551 1039 588 1065 ad
606 1037 716 1066 Laud.:
736 1039 792 1066 Pia
809 1040 903 1065 mater
924 1039 1055 1066 eeclesia.

570 1128 614 1160 73,
654 1128 698 1159 De
718 1130 824 1160 sancto
846 1128 1035 1169 Pardulpho.

290 1197 627 1238 In1,Vesperis.

338 1258 383 1286 Ad
402 1258 583 1294 Magnificat-

147 1313 188 1344 A.
218 1311 392 1350 Lampadis
419 1311 563 1351 egregiae

266 1357 381 1389 festum
406 1358 577 1397 gaudemus
603 1358 724 1401 adesse,

218 1405 405 1445 Pardulphi,
431 1406 532 1437 nostri

267 1453 369 1491 patris
393 1452 562 1492 eximiique
585 1453 723 1492 patroni,

219 1499 285 1538 Quo
311 1499 472 1532 Christum
498 1500 601 1539 petiit,

267 1555 359 1586 quem
382 1555 463 1587 puro
489 1547 585 1579 corde
609 1546 717 1579 sitivit.

286 1636 348 1668 Ad
373 1636 639 1670 Matutinum.

353 1696 567 1724 Invitatorium.

218 1749 337 1790 Regem
362 1749 536 1789 humilium,

216 1796 424 1836 glorificemus
449 1797 629 1836 Dominum,

217 1845 275 1882 Qui
296 1844 423 1876 beatum
449 1845 675 1884 Pardulphum,

216 1899 388 1930 pauperem
412 1891 444 1922 in
468 1892 597 1932 mundo,

219 1938 335 1970 dit-avit
358 1939 391 1970 in
416 1939 512 1971 coelo.

281 2028 328 2060 111
353 2028 384 2061 1.
411 2026 468 2058 No
481 2029 637 2059 cturno.

363 2087 560 2122 Antiphonae.

163 2144 192 2176 1.
220 2141 396 2181 Lampadis
421 2140 565 2180 egregiae

270 2188 386 2221 festum
410 2187 583 2227 gaudemus
608 2188 730 2228 adesse,

222 2235 411 2276 Pardulphi‚
435 2234 537 2267 nostri

267 2284 369 2325 patris
395 2281 563 2322 eximiique
585 2283 720 2325 patroni,

222 2333 289 2372 Quo
316 2331 476 2364 Christum
501 2329 604 2372 petiit,

270 2389 363 2421 quem
396 2386 477 2417 puro
504 2377 600 2409 corde
624 2376 733 2409 sitivit.

206 2441 227 2466 D
233 2447 245 2463 r
252 2445 284 2464 ev
291 2445 303 2462 e
309 2446 332 2467 s,
347 2436 469 2465 Historiae
483 2435 638 2466 rhythmicae.
659 2434 702 2460 m,

842 1200 873 1231 2.
899 1198 982 1230 Dum
1008 1206 1083 1230 casu
1107 1198 1186 1229 rami

945 1246 1069 1285 puerile
1094 1247 1189 1284 caput
1212 1243 1351 1283 vitiavit,

901 1292 1042 1332 Corpore
1068 1292 1219 1332 caecavit,

947 1349 1039 1380 quem
1063 1342 1194 1378 pectore
1218 1337 1413 1372 clarificavit.

842 1398 873 1431 3.
899 1397 1068 1429 Introitum
1093 1396 1203 1427 mortis

947 1445 1019 1476 dum
1046 1443 1186 1474 clausum
1203 1445 1324 1482 reperit
1340 1442 1451 1482 hostis,

900 1490 1101 1530 Pardulphus
1126 1485 1280 1533 [caecus]‚

949 1538 1054 1570 divino
1079 1546 1209 1568 munere
1232 1538 1327 1577 tutus,

898 1586 1062 1617 Adversus
1087 1584 1192 1616 lumen

947 1632 1102 1665 convertit
1125 1631 1239 1663 mentis
1265 1638 1404 1662 acumen.

1037 1701 1244 1734 Responsoria.

842 1754 873 1786 1.
900 1753 1112 1794 Pardulphus‚
1139 1754 1246 1794 largus
1272 1753 1406 1792 misens,

945 1803 1066 1833 tantum
1092 1801 1152 1832 sibi
1179 1809 1306 1840 parcuS,

900 1849 1019 1881 Crebro
1046 1848 1170 1880 vestitis

945 1895 1101 1928 mendicis
1125 1896 1228 1928 nudus
1253 1895 1352 1927 abivit

829 1943 867 1976 V.
897 1943 942 1975 Et
963 1943 1129 1983 jejunavit,

947 1991 1084 2030 reliquos
1109 1998 1148 2021 ex
1173 1998 1233 2029 quo
1259 1989 1398 2022 satiavit.

842 2049 873 2080 2.
901 2048 1068 2080 Possessas
1093 2048 1129 2077 ut
1153 2054 1229 2085 opes

944 2094 977 2124 in
1005 2092 1099 2125 coelis
1125 2093 1263 2124 condere
1288 2095 1404 2132 posset,

904 2140 1096 2173 Coenobium
1121 2140 1282 2171 monachis

949 2186 1142 2219 Lantherius
1167 2186 1358 2228 aedificavit,

902 2233 1081 2274 Pardulphi
1103 2234 1203 2266 sacris

950 2282 1035 2321 quod
1061 2280 1292 2313 commendavit
1315 2280 1447 2314 habenis

839 2330 879 2362 V.
907 2329 1142 2368 Ductoremque
1165 2329 1269 2368 gregis

960 2385 1085 2409 caecum
1113 2376 1202 2408 dedit
1227 2384 1296 2408 esse
1312 2376 1459 2410 videntis.

1257 2428 1291 2461 13
