1650 2587
254 231 286 263 3.
310 231 473 263 Resonent
496 230 638 272 tripudia

360 278 524 310 Laudibus
550 280 684 319 canoris,

314 325 402 357 Petri
427 328 502 358 sunt
525 327 687 366 solemnia,

359 372 437 404 Dies
462 376 509 404 est
531 373 671 408 honoris.

253 429 284 460 4.
312 428 458 468 Piperaci
484 430 666 462 coenobium

363 475 490 508 Gaudet
515 478 555 509 de
579 478 666 510 Petri
692 480 802 519 gloria,

315 522 440 555 Novum
464 525 579 556 recitat
601 526 750 564 gaudium

362 570 499 602 Poscens
525 572 591 611 ejus
616 572 807 613 suffragium.

258 628 288 657 5.
319 626 446 658 Plebem
472 630 557 660 tuam
583 628 774 670 naufragari,

366 673 429 707 Ubi
453 677 500 705 tot
526 676 698 716 angustiae,

315 720 387 752 Non
410 722 576 759 permittas
600 722 632 754 in
658 723 717 754 hoc
738 725 828 766 mari,

365 768 389 800 O
417 767 564 801 defensor
587 771 721 810 patriae.

435 843 482 870 Ad
500 843 678 880 Magnificat.

244 899 284 930 A.
317 902 341 934 Ο
367 902 472 940 Petre,
499 905 641 934 nostrum
665 903 836 942 speculum,

318 948 368 980 Sis
393 948 485 979 nobis
513 948 759 987 defensaculum,

318 995 452 1034 Protege
477 998 547 1027 tuos
571 995 706 1027 famulos

315 1043 354 1074 In
378 1045 434 1073 tua
457 1042 553 1073 laude
576 1042 720 1081 sedulos,

315 1089 340 1121 Ο
366 1090 470 1127 Petre,
496 1092 590 1128 petra
610 1089 722 1129 solida,

317 1136 382 1167 Nos
408 1134 538 1175 fragiles
565 1136 737 1174 consolida,

314 1183 377 1215 Hic
402 1181 512 1215 confer
536 1183 627 1215 nobis
652 1183 784 1222 gratiam

316 1230 359 1262 Et
382 1232 455 1270 post
479 1233 641 1262 aeternam
665 1230 808 1269 gloriam.

338 1324 398 1356 Ad
432 1323 773 1363 completorium.

384 1387 478 1423 Super
498 1388 584 1416 Nune
603 1387 735 1415 dimittis.

243 1449 284 1479 A.
314 1448 442 1479 Petrum
467 1445 645 1486 magnificet

361 1494 441 1525 haec
464 1502 615 1532 praesens
642 1493 758 1531 concio,

316 1541 443 1573 Gratias
468 1539 586 1572 referat

362 1588 493 1627 virginis
517 1587 593 1630 filio,

313 1636 395 1667 Nam
423 1635 462 1666 de
486 1635 571 1666 valle
595 1634 741 1666 miseriae

361 1682 415 1715 Aa
440 1682 519 1713 coeli
543 1682 691 1722 gaudium

313 1731 443 1763 Petrum
468 1730 597 1761 sustulit
621 1729 716 1760 hodie

360 1776 538 1809 Reddendo
563 1776 717 1810 bravium.

377 1871 437 1903 Ad
462 1870 730 1904 Matutinum.

446 1936 663 1963 Invitatorium.

315 1993 449 2034 Regenti
475 1996 588 2025 cuncta
611 1994 737 2026 saecula

315 2040 490 2074 Psallamus
515 2044 620 2072 mente
644 2041 765 2082 sedula,

312 2089 372 2127 Qui
396 2087 580 2120 sublimavit
603 2088 698 2119 hodie

316 2137 446 2169 Petrum
471 2135 513 2167 ad
534 2138 670 2167 montem
696 2135 825 2175 gloriae.

456 2199 653 2235 Antiphonae.

257 2253 287 2284 1.
314 2250 387 2282 Non
411 2248 491 2280 abiit
514 2249 547 2280 in
573 2249 655 2281 viam

359 2298 577 2338 Peccatorum‚

315 2346 379 2378 Sed
405 2344 508 2376 tenuit
530 2344 675 2376 semitam

361 2390 590 2432 Perfectorum,

858 131 923 167 201
976 152 1022 156 -—

993 228 1133 260 Domans
1159 228 1262 260 carnis
1287 227 1458 268 lasciviam,

994 274 1120 315 Sprevit
1145 276 1334 307 mundanam
1360 275 1502 315 gloriam.

936 360 943 366 ·
960 376 968 384 .
994 350 1132 382 Servivit
1156 350 1189 381 in
1213 350 1327 381 timore

1041 396 1175 429 Domino
1202 396 1437 435 dominantium,

994 443 1139 475 Ardebat
1163 444 1196 475 in
1221 452 1326 475 amore

1042 490 1139 522 Totus
1159 498 1286 530 semper
1310 491 1500 522 coelestium.

967 591 974 598 .
999 567 1037 599 In
1062 567 1221 605 praesenti
1247 566 1356 598 exsilio

1045 612 1187 644 Christus
1210 623 1267 645 sua
1289 613 1454 652 protectio,

997 660 1129 692 Scandit
1152 661 1194 692 ad
1218 663 1354 692 montem
1378 660 1497 700 gloriae

1049 707 1111 739 Per
1135 707 1216 739 viam
1241 707 1462 747 poenitentiae.

1134 874 1337 910 Responsoria.

965 994 971 1000 .
999 970 1036 1001 In
1062 969 1189 1000 coelesti
1213 969 1332 1008 palatio

1042 1015 1134 1047 Nova
1157 1019 1248 1054 petra
1272 1016 1413 1055 erigitur,

996 1063 1033 1094 In
1059 1065 1239 1093 sanctorum
1265 1062 1394 1101 collegio

1044 1108 1177 1141 Sanctus
1200 1110 1313 1141 Pet-rus
1336 1109 1500 1147 recipitur:

997 1155 1123 1188 Gaudet
1147 1161 1276 1195 accepto
1301 1155 1411 1187 bravio

1044 1202 1119 1233 Post
1142 1202 1203 1247 hoc
1218 1211 1368 1242 praesens
1390 1203 1543 1244 exsilium,

996 1250 1034 1281 In
1061 1250 1189 1281 coelesti
1213 1250 1334 1283 rosario

1042 1296 1154 1328 Floret
1178 1301 1212 1329 ut
1237 1305 1370 1329 vernans
1395 1297 1507 1328 lilium.

956 1369 963 1375 .
995 1343 1079 1383 Ignis
1106 1343 1204 1375 divini
1228 1344 1359 1384 spiritus

996 1390 1088 1422 Arsit
1109 1391 1142 1421 in
1169 1399 1204 1422 eo
1228 1391 1353 1430 penitus

994 1438 1124 1470 Omnem
1150 1439 1253 1469 carnis
1278 1437 1463 1478 rubiginem,

996 1485 1084 1516 Dans
1108 1484 1183 1516 boni
1207 1484 1447 1524 plenitudinem.

937 1562 968 1592 2.
993 1560 1177 1592 Maceratur
1197 1560 1328 1600 Jejunio.

996 1607 1143 1640 Induitur
1168 1608 1281 1649 cilicio,

995 1654 1094 1687 Offert
1117 1663 1152 1685 se
1176 1654 1244 1686 Deo
1268 1652 1413 1695 hostiam‘,

994 1701 1184 1734 Anhelando
1209 1702 1251 1734 ad
1274 1702 1420 1745 patriam,

997 1750 1102 1780 Vitam
1129 1749 1219 1782 duxit
1242 1750 1426 1790 angelicam,

994 1797 1109 1829 Rotam
1137 1796 1283 1836 despexit
1307 1797 1471 1843 lubricam.

956 1870 963 1877 .
994 1844 1081 1876 Nutu
1106 1844 1212 1876 divino
1237 1845 1367 1884 praevio

994 1891 1152 1931 Fungitur
1176 1892 1365 1934 sacerdotio,

1043 1937 1089 1970 Ut
1113 1939 1207 1970 stella
1231 1939 1386 1970 matutina

1044 1984 1218 2018 Praefulsit
1239 1987 1272 2017 in
1300 1986 1455 2021 doctrina,

964 2087 971 2094 .
995 2060 1108 2093 Multis
1133 2060 1294 2101 refulgens
1316 2062 1417 2093 titulis

995 2110 1115 2141 Petrus
1141 2108 1242 2140 claret
1264 2109 1437 2148 miraculis,

994 2155 1124 2187 Mulieri
1149 2155 1295 2191 redditur
1319 2157 1398 2188 visio

995 2199 1208 2245 Habitu[sque
1231 2200 1344 2246 cessat]
1371 2205 1525 2246 privatim

929 2250 968 2281 V.
998 2250 1117 2289 Magna
1140 2250 1258 2282 micant
1282 2251 1404 2292 merita,

1046 2297 1133 2336 qu'us
1160 2296 1219 2330 fuit
1243 2298 1355 2330 inclita
1379 2300 1454 2341 vita,

999 2344 1094 2377 Hunc
1117 2354 1175 2376 sua
1200 2344 1285 2378 faeta
1311 2347 1412 2378 virum

1047 2392 1262 2425 demonstrant
1287 2394 1407 2434 optima
1426 2397 1551 2442 mirum.

1530 2506 1539 2571 5
