1650 2587
725 123 982 158 —111—

387 219 434 246 Ad
453 218 632 256 Magnificat.
957 218 1068 252 Coelos
1091 227 1206 250 ornans
1231 219 1319 251 velut
1342 219 1430 251 sidus

202 267 243 302 A.
267 268 359 310 Voto,
385 276 464 300 voce
487 267 652 308 psallimus
1002 265 1081 299 fusis
1105 266 1225 297 micans
1250 265 1359 306 radiis,

273 315 312 347 In
337 315 487 347 honorem
511 314 677 357 praesuliS‚
886 312 924 346 V.
957 314 1016 353 Qui
1040 312 1145 346 fidelis
1171 313 1333 345 servitutis

273 361 333 400 Qui
358 361 399 394 ad
425 362 558 402 gradum
580 362 780 402 praesulatus
1004 360 1154 393 exhibens
1178 359 1363 392 instantiam

318 409 502 443 Promoveri
955 408 1159 448 Duplieatam
1183 408 1361 447 reportavit

274 457 396 489 Meruit
421 456 582 497 divinitus,
1003 455 1139 488 Domino
1161 455 1338 495 pecuniam.

276 505 341 538 Sua
364 512 461 544 Ρΐθθθ
484 504 519 536 in
542 503 637 557 nobis
898 515 930 546 2.
956 513 981 545 Ο
997 513 1052 545 lux
1068 512 1188 550 mundi,
1211 512 1363 544 mundum
1380 511 1507 553 replens

319 552 456 584 Reseret
477 550 584 584 cordis
608 559 721 591 visum,
1004 559 1142 600 Spffitafi
1162 559 1281 591 hmine

280 599 339 639 Qui
364 601 511 632 anssatae
534 597 660 630 mulieri
957 606 1053 647 Quasi
1078 607 1171 639 stella
1194 607 1348 638 matutina

325 646 501 687 ReparaVit
525 646 658 679 oculum.
1000 655 1034 686 in
1057 654 1162 686 medio
1188 653 1331 695 nebulae,

956 701 1025 733 Nos
1048 701 1175 733 illustra
1198 701 1353 733 luminoso

335 742 382 773 In
408 739 439 774 1-
464 741 693 773 NOG'UHUO-
1004 748 1122 780 lumine
1142 747 1296 789 justitiae,

410 796 626 824 Invitatorium.
886 797 924 828 V.
954 795 1008 836 Ut,
1035 804 1112 836 quos
1135 796 1231 835 longa
1261 793 1462 827 circumfudit

278 844 384 877 Unum
410 847 442 876 et
466 853 575 878 verum
599 844 702 876 Deum
1004 843 1115 876 vitium
1140 842 1282 883 ealigine,

324 893 501 932 adoremus,
955 889 1024 922 Tua
1046 898 1142 930 prece
1165 888 1335 921 manifesta

277 939 316 971 In
341 947 401 979 quo
425 939 555 971 Laudas
580 939 706 971 laudem
1005 937 1164 970 Christum
1189 939 1321 968 cernant
1343 934 1435 969 facie.

324 986 440 1018 meruit
463 986 697 1024 sempiternam.

1019 1050 1063 1081 In
1091 1051 1121 1082 2.
1148 1049 1377 1082 Noeturno.

1099 1113 1292 1150 Antiphonae.

899 1172 929 1204 1.
955 1172 1068 1204 Vultus
1094 1172 1150 1211 tui,

1001 1219 1154 1251 virtutum
1178 1218 1324 1260 Domine,

960 1266 1110 1299 Sanctum
1134 1269 1223 1299 tuum

1006 1314 1138 1354 signasti
1161 1314 1291 1356 lumine,

958 1360 1132 1401 vocabulo,

1006 1408 1072 1439 vita
1094 1407 1297 1446 laudabilem,

961 1454 1064 1495 Signis
1088 1462 1210 1495 quoque

1007 1501 1145 1534 reddens
1170 1501 1359 1534 mirabilem.

903 1560 935 1590 2.
962 1557 999 1589 In
1024 1561 1185 1590 aeternum
1211 1557 1392 1600 exsultabit,

959 1606 999 1637 In
1023 1614 1083 1646 quo
1105 1604 1192 1637 Deus
1216 1605 1384 1645 habitabit,

960 1652 1033 1693 Ipse
1054 1653 1140 1692 justo
1165 1653 1338 1692 benedixit,

339 1090 387 1122 111
412 1090 444 1122 1.
470 1089 501 1121 N
512 1098 530 1121 o
542 1091 698 1122 otiu-no,

417 1144 612 1180 Antiphonae.

217 1195 247 1229 1.
273 1193 395 1234 Dignus
419 1193 516 1225 laude

321 1240 452 1273 Laudus
478 1239 604 1281 egregia

277 1288 450 1328 Tamquam
473 1288 592 1327 lignum

323 1343 474 1375 aquarum
500 1334 591 1373 copia

278 1382 353 1422 Jugi
377 1390 513 1414 vernans

327 1429 441 1462 viroris
466 1428 568 1468 gratia

278 1474 431 1508 Fructum
457 1475 549 1507 dedit

326 1524 360 1555 in
379 1523 545 1563 patientia.

219 1583 247 1613 2.
277 1581 359 1620 Jugo
386 1578 504 1611 Christi
529 1578 715 1619 subjugatus

277 1627 358 1667 Regi
383 1627 509 1661 Christo
535 1626 585 1658 vir
605 1626 719 1658 beatus

275 1674 459 1707 Deservivit
480 1674 513 1706 in
537 1673 660 1714 timore,

275 1721 462 1754 Exsultavit
487 1730 556 1753 cum
580 1724 728 1753 tremore.

219 1781 249 1813 3.
279 1778 434 1819 Christus,
462 1779 529 1818 ejus

324 1829 499 1867 susceptor,
525 1825 637 1866 gloria,

274 1874 347 1906 Hae
368 1882 503 1914 puerum

323 1921 491 1961 praevenit
512 1920 625 1962 gratia,

277 1968 324 2001 Ut
348 1968 547 2009 grandaevus

323 2016 357 2047 in
380 2016 529 2056 pueritia,

277 2062 410 2095 Praesul
434 2063 538 2103 plebis

323 2114 448 2152 regeret
471 2109 570 2143 milia.

961 1699 1039 1738 Quia
1059 1700 1164 1739 Justus
1190 1699 1274 1732 hunc
1295 1699 1418 1733 dilexit.

900 1759 931 1790 3.
957 1756 1018 1789 Dei
1039 1757 1169 1790 Laudas

1006 1803 1250 1845 magnificentia,

961 1851 1137 1885 Coronatus

1007 1899 1134 1933 honoris
1159 1899 1269 1942 gloria,

961 1946 1079 1979 Christi
1101 1947 1228 1979 laudem

1006 2003 1026 2026 a
1050 1994 1188 2034 pueritia

959 2041 1075 2074 Plenus
1100 2041 1167 2080 ejus

1005 2086 1141 2129 perfecit
1167 2089 1279 2129 gratia.

414 2185 622 2221 Responsoria.
1100 2182 1307 2219 Responsoria.

216 2246 248 2279 1.
274 2244 362 2277 Ecce
386 2243 477 2276 nobis
502 2244 558 2275 lux
581 2241 688 2274 illuxit
906 2242 936 2274 1.
964 2240 1076 2273 Gaude
1100 2239 1178 2272 felix
1202 2240 1259 2272 sub
1287 2240 1374 2272 felici

323 2292 420 2333 digna
445 2292 531 2323 cultu
555 2289 683 2332 celebri,
1009 2288 1158 2328 praesule
1187 2287 1384 2329 Constantia,

274 2340 352 2381 Qua,
372 2340 446 2372 dum
462 2340 596 2371 mortem
613 2336 830 2378 triumphavit,
960 2335 1127 2368 Honorata
1153 2336 1302 2369 diuturna

321 2389 419 2422 vitam
444 2387 575 2420 Laudus
601 2385 708 2426 subiit,
1009 2384 1096 2417 illius
1120 2384 1314 2425 praesentia,
