1650 2587
654 118 911 153 —262—

214 212 296 240 Brev.
323 220 374 239 ms.
395 211 612 239 silvanectense
639 220 713 239 saec.
736 210 780 239 15.
801 211 869 239 Coei.
891 210 1130 246 Sangenovefian.
1151 210 1219 239 BBl.
1239 209 1301 238 IV⁰
1324 210 1367 239 19.
1392 227 1429 232 --

139 250 174 276 In
195 248 219 276 1.
240 250 322 277 Noet.
344 247 365 274 Α
386 247 412 281 2,
433 248 450 276 2
467 251 598 277 conditor
617 252 791 276 cunctorum.
812 264 845 267 —
868 248 934 275 Alle
954 245 1007 274 ΒΗ.
1028 248 1178 283 prosaisch
1197 249 1254 276 mit
1264 249 1431 275 Ausnahme

138 295 196 313 von
223 288 315 314 einem
339 287 368 313 in
390 287 439 313 der
460 285 500 320 1.,
527 287 634 313 zweien
655 288 686 312 in
705 287 755 313 slei·
779 283 803 311 2.
825 286 908 313 Noct.
938 301 975 306 —--
1001 286 1135 319 Hymnus
1155 286 1191 312 ad
1212 285 1313 320 Vespa

1342 286 1429 317 Deus„

138 326 282 358 protector
301 325 428 352 omnium
446 324 540 354 (Anal.
554 324 620 356 XII,
641 321 719 358 257);
741 324 791 350 der
804 323 937 357 Hymnus
952 322 988 350 ad
1003 321 1117 349 Laudes
1132 324 1171 349 ist
1183 323 1237 350 mit
1248 322 1430 358 Vorsetzung

138 361 187 387 der
196 361 298 389 Worte
309 362 432 396 ⁴‚Servus
443 361 551 389 Christi
565 362 668 387 summi
682 358 776 396 regist
792 368 843 386 aus
855 360 910 387 den
922 360 1024 388 beiden
1036 357 1090 385 ΒΗ.
1102 360 1152 387 der
1162 358 1187 387 3.
1196 360 1280 387 Noct.
1291 360 1429 395 gebildet.

529 451 592 483 100.
630 451 671 482 De
691 451 797 483 saneto
819 450 1028 491 Wingualoeo.

272 514 316 545 In
344 513 373 545 1.
399 512 613 552 vesperis.

324 586 368 613 Ad
387 585 563 621 Magnificat.

135 644 174 676 A.
203 645 271 676 Ave
294 646 385 683 pater
408 644 613 683 sanctissime,

203 690 278 722 Flos
304 694 333 721 et
359 690 453 720 decus
477 689 637 728 ecclesiae,

206 736 334 768 Gemma
359 735 480 775 fulgens
504 737 537 767 in
561 736 661 774 gloria

203 784 428 814 Monachorum
451 783 582 816 laetitia.

201 829 398 869 Wingualoe,
421 830 566 868 petimus,

203 876 269 908 Nos
295 876 355 908 tuis
380 877 467 907 salva
489 875 646 915 precibus.

266 989 327 1020 Ad
350 988 612 1019 Matutinum.

330 1052 543 1080 Invitatorium.

200 1110 296 1142 Plebs
320 1111 354 1141 in
379 1110 472 1141 laude
497 1110 555 1141 Dei

247 1157 366 1188 meritis
392 1159 424 1186 et
443 1156 640 1195 Wingualoei

200 1203 346 1235 Exsultet
370 1203 504 1234 modulis

247 1254 276 1281 et
301 1249 517 1289 spiritualibus
542 1249 675 1287 hymnis,

262 1362 306 1393 In
334 1361 362 1394 1.
390 1361 416 1392 N
430 1370 447 1392 o
460 1366 577 1392 cturn
589 1370 616 1392 o.

337 1425 529 1460 Antiphonae.

172 1510 178 1516 .
205 1483 352 1515 Germine
376 1483 474 1522 regali

248 1529 382 1561 fecunda
405 1530 569 1560 Britannia
593 1531 734 1559 sanctum

202 1576 338 1609 Coclitus
364 1577 494 1607 electum

244 1623 396 1663 produxit
418 1622 666 1662 Wingualooum.

165 1706 171 1712 .
200 1680 257 1718 Qui
281 1678 411 1719 geminis
435 1679 517 1709 natis

247 1727 332 1757 velut
355 1725 396 1756 ad
413 1734 575 1756 numerum
591 1724 743 1756 trinitatis

200 1773 325 1805 Tertius
351 1772 539 1811 exsequitur,

244 1818 316 1851 fidei
342 1818 458 1849 virtute
478 1819 605 1858 potitur.

163 1901 169 1907 .
196 1876 258 1907 Hic
281 1884 359 1915 puer
384 1875 514 1905 eximiae

245 1923 371 1962 capiens
396 1922 582 1953 documenta
604 1921 743 1962 sophiae,

198 1969 355 2001 Christum
381 1968 500 2010 dilexit,

245 2017 294 2047 cui
317 2018 420 2047 mente
436 2015 616 2054 perenniter
632 2015 741 2046 haesit.

254 2129 299 2160 In
325 2131 356 2161 2.
383 2129 611 2160 Nocturno.

336 2193 529 2228 Antiphonae.

163 2275 170 2281 .
196 2250 339 2284 Moribus
363 2251 493 2291 insignis

240 2310 261 2328 ἢ(-
287 2310 308 2328 ›x-
333 2308 354 2328 θί-
380 2308 401 2327 ὗέ
427 2308 447 2327 -ὶθ
473 2310 494 2328 ἣέ
522 2308 541 2326 Ξ-
566 2306 587 2324 ÷÷

193 2345 238 2376 Et
259 2354 339 2377 nova
363 2343 418 2374 lux
443 2345 563 2383 patriae

237 2390 322 2423 fama
345 2391 490 2423 radiabat
515 2389 638 2430 ubique,

819 513 849 543 2.

813 1950 844 1981 .ἰῦ

812 2250 843 2281 4.

875 511 1029 544 Parvulas
1055 511 1218 550 emoriens,

925 566 1016 598 quem
1024 558 1134 597 vipera
1141 561 1298 597 punxerat
1305 559 1426 599 ingens,

875 605 977 644 Hujus
1002 613 1094 643 opem
1117 604 1241 645 meruit,

924 652 1010 684 virus
1034 651 1130 683 letale
1153 650 1307 691 profudit.

845 735 850 740 .
876 707 1009 740 Vivifico
1034 708 1145 746 plenus

923 754 1094 794 spiramine
1117 755 1342 795 Wingualoeus

875 802 1046 841 Aspersam
1072 810 1164 833 sacra

926 848 1105 880 defunctam
1130 848 1260 880 suscitat
1284 850 1379 881 unda.

937 924 985 955 In
1010 924 1041 955 3.
1067 923 1294 955 Nocturno.

1018 983 1211 1018 Antiphonae-

840 1058 846 1063 .
874 1034 1009 1074 Lampas
1035 1035 1186 1066 ecclesiae

923 1082 1032 1112 doctor
1053 1080 1242 1112 venerabilis
1267 1081 1337 1121 iste,

873 1127 991 1159 Multos
1015 1127 1152 1158 instituit

920 1174 1045 1206 monitis
1067 1178 1099 1205 et
1115 1175 1154 1206 ad
1173 1174 1301 1206 aethera
1320 1175 1420 1207 duxit.

838 1255 845 1261 .
869 1230 1024 1270 Exemplo
1047 1230 1150 1269 Moysi

918 1277 1080 1316 praecelso
1101 1285 1231 1308 munere
1254 1278 1374 1310 Christi

871 1323 988 1354 Divisit
1010 1326 1149 1365 pontum,

919 1370 1066 1402 transivit
1088 1371 1182 1401 turba
1205 1369 1408 1410 profundum.

842 1451 848 1456 .
875 1425 920 1457 Ut
942 1425 1045 1465 tetigit
1069 1424 1181 1457 fluctus

917 1472 1021 1503 baculi
1047 1473 1086 1504 de
1110 1472 1241 1512 cuspide
1261 1473 1375 1513 justus,

873 1519 1023 1551 Praebuit
1046 1520 1203 1559 antiquum

919 1566 1061 1597 eoelestis
1083 1567 1184 1606 gratia
1208 1566 1339 1605 signum.

959 1640 1003 1671 In
1032 1640 1258 1672 Laudibus

1011 1700 1204 1735 Antiphonaei

837 1777 844 1783 .
874 1752 1033 1784 Laudibus
1057 1753 1196 1784 intentus

918 1799 1032 1830 divinis
1056 1799 1279 1839 Wingualoeus

871 1845 1001 1885 Saepius
1026 1847 1186 1887 angelicae

918 1893 1061 1931 concepit
1082 1894 1171 1932 jussa
1195 1895 1348 1933 loquelae.

869 1949 1027 1980 Intererat
1051 1950 1130 1981 coeli

914 1996 1043 2027 secretis
1068 2001 1171 2028 mente
1194 1997 1292 2030 fideli.

867 2051 1023 2084 Eximium
1049 2056 1171 2092 patrem

914 2100 1041 2138 pietatis
1066 2103 1098 2130 et
1120 2101 1218 2133 ubere
1238 2105 1370 2134 matrem

867 2146 1004 2178 Flebant
1029 2147 1176 2187 discipuli

914 2196 1001 2225 tanto
1028 2194 1106 2225 duce
1132 2196 1332 2229 destituendi.

869 2250 929 2281 Pro
955 2250 1015 2281 sibi
1040 2252 1213 2283 commissis

910 2297 1012 2328 oravit
1035 2302 1144 2336 pastor
1167 2299 1287 2341 herilis,

862 2343 990 2375 Plenius
1016 2346 1148 2385 egregiis

915 2399 991 2430 quos
1015 2391 1152 2424 instituit,
1175 2392 1380 2425 documentis.
