1650 2587
673 98 717 102 --
766 80 901 114 58.-

580 198 622 230 19.
660 199 704 229 De
723 199 829 230 sancto
849 199 1002 231 Elzeario.

284 267 329 299 In
356 268 387 300 1.
413 269 627 308 Vesperis.

355 332 548 369 Antiphonae.

159 390 188 422 1.
214 390 244 421 A
271 389 389 420 dextris
413 391 503 422 sedet
527 390 654 430 gloriae,

214 435 295 468 Nam
320 445 339 467 a
363 436 481 468 dextris
499 437 641 476 justitiae

263 482 353 515 Sedit
376 483 442 514 vita
464 483 600 522 mortali,

215 529 343 569 Virgam
369 530 494 561 virtutis
519 527 657 569 explicat

214 576 259 608 Et
281 576 423 609 nationes
444 577 569 616 ,iudicat

263 622 456 655 Concussans
481 625 576 663 caput
598 624 683 657 mali.

182 702 189 710 .
215 679 376 711 Justorum
399 681 433 711 in
459 680 587 711 consilio

216 725 371 764 Dulcique
396 726 599 758 contubernio

261 772 306 804 Et
330 774 570 813 congregatione

217 818 372 850 Mandata
400 820 456 851 dat
473 819 590 859 fidelia,

216 865 299 897 Dum
324 866 433 898 salutis
456 867 549 898 utilia

263 911 358 944 Jubet
383 913 499 946 Christi
524 922 675 947 sermone.

183 995 190 1000 .
216 968 409 1009 Dispergens
435 970 512 1001 dans
537 969 728 1009 pauperibus

217 1015 349 1046 Pietatis
373 1016 546 1047 visceribus

266 1061 472 1094 Commodans
494 1063 669 1102 miseretur,

218 1108 397 1147 Disponens
421 1118 456 1140 se
474 1110 604 1149 judicio,

219 1155 297 1187 Cum
321 1158 408 1187 recta
431 1157 590 1195 generatio

266 1201 383 1234 Christi
407 1203 620 1234 benedicetur.

186 1282 193 1289 .
218 1257 397 1289 Elzearium
421 1259 558 1290 nobilem

218 1304 371 1343 Respexit
394 1305 478 1336 Deus
504 1306 649 1336 humilem

264 1352 301 1383 111
326 1354 412 1383 terra
437 1355 682 1392 conversantem,

220 1397 384 1429 collocans
410 1408 477 1430 cum
503 1398 708 1438 principibus,

220 1444 330 1476 Choris
355 1453 477 1485 quoque
500 1446 686 1477 coelestibus

267 1492 305 1523 In
329 1491 429 1531 gloria
451 1493 630 1525 laetantem.

162 1570 192 1579 ..
219 1548 365 1579 Laudant
388 1551 495 1589 gentes
521 1552 552 1580 et
575 1548 694 1588 populi,

218 1595 363 1627 Illustres
386 1596 484 1636 magis
509 1595 637 1634 saeculi,

266 1641 325 1680 Qui
349 1645 455 1673 manet
477 1642 510 1673 in
534 1645 706 1681 aeternum,

220 1688 345 1720 Clarum
370 1692 534 1728 sequentes
560 1688 702 1719 comitem

219 1736 281 1767 Per
303 1736 478 1766 sanctitatis
503 1735 660 1766 tramitem

265 1782 318 1813 Ad
345 1781 486 1814 bravium
510 1790 689 1821 supernum.

336 1855 381 1882 Ad
400 1855 576 1892 Mag-nificat.

181 1928 188 1935 .
218 1904 326 1936 Proles
353 1904 448 1945 digna
471 1904 665 1943 Provinciae,

267 1950 370 1990 Stirps
395 1960 545 1991 generosa
570 1951 726 1990 comitum,

219 1998 372 2036 Princeps
405 2007 543 2030 summae
572 1998 765 2037 clementiae,

265 2045 371 2076 Decus
396 2049 428 2076 et
451 2046 551 2077 honor
575 2045 718 2084 militum,

311 2091 437 2124 Elzeari
463 2092 563 2131 beate,

218 2138 335 2177 Exora,
363 2139 432 2171 dari
456 2139 567 2171 veniae

267 2185 367 2216 Nobis
394 2189 425 2217 et
448 2187 532 2218 vitae
554 2186 698 2217 meritum

219 2232 423 2271 Tandemque
446 2232 582 2265 fructum
608 2233 726 2272 gloriae

269 2280 344 2311 Post
369 2279 459 2319 hujus
484 2281 568 2312 vitae
591 2280 756 2311 transitum

315 2326 352 2358 In
379 2327 458 2359 coeli
484 2327 638 2360 claritate.

823 1791 859 1825 V.

951 268 1012 300 Ad
1035 269 1303 301 Matutinum.

1014 343 1227 369 1nvitatorium.

885 399 1003 438 Regem
1027 399 1193 430 laudantes
1218 396 1356 428 omnium

933 447 972 477 In
995 445 1125 486 psalmis
1147 444 1327 484 jubilemuS,

889 491 926 523 In
950 501 1010 531 quo
1036 494 1068 522 et
1090 490 1271 523 Elzearium

934 539 1020 570 Voce
1043 537 1287 578 magnificemus.

951 669 997 701 In
1023 668 1053 701 1.
1080 668 1308 701 Nocturno.

1032 752 1225 788 Antiphonae.

855 835 862 842 .
888 810 1005 842 Beatus
1029 809 1079 840 vir
1100 809 1262 841 consilium

935 856 1066 888 Devitat
1087 856 1265 895 impiorum,

890 904 1017 937 Piorum
1042 902 1106 934 fert
1130 903 1296 942 vestigium

938 950 1075 989 Sequens
1099 949 1181 981 viam
1204 950 1370 988 justorum.

890 1016 1052 1048 Adversus
1079 1015 1236 1047 Christum
1262 1014 1391 1046 Domini

937 1062 1064 1101 Plangit
1089 1061 1334 1102 conventionem,

890 1109 949 1148 Qui
973 1109 1068 1140 vitam
1095 1108 1183 1140 dedit
1208 1108 1326 1139 homini

938 1157 1000 1187 Per
1024 1164 1110 1186 suam
1134 1155 1323 1194 passionem.

859 1248 866 1255 .
890 1221 975 1252 Voce
999 1221 1114 1252 clamat
1137 1221 1178 1252 ad
1203 1220 1372 1251 Dominum

939 1269 976 1300 In
1001 1270 1101 1299 morte
1126 1267 1326 1305 dormiturus,

892 1313 971 1345 Post
993 1314 1112 1345 vultum
1137 1314 1263 1352 plenum
1287 1313 1439 1344 luminum

938 1361 1099 1392 Monstrat
1122 1363 1365 1392 resurrecturus.

1024 1454 1232 1488 Responsoria.

892 1512 976 1543 Puer
1000 1510 1110 1542 beatus
1135 1511 1271 1550 cingitur

937 1558 991 1589 Ad
1016 1566 1140 1588 carnem
1166 1557 1284 1589 chorda
1309 1557 1388 1588 dura

890 1605 1147 1643 Adolescensque
1172 1604 1313 1643 sequitur

939 1650 1122 1683 Sermonum
1147 1651 1265 1683 Christi
1286 1660 1360 1690 Jura

890 1697 1118 1736 Familiamque
1141 1697 1279 1729 traditur

937 1744 996 1776 Pia
1020 1743 1173 1776 formasse
1198 1754 1283 1785 cura,

889 1792 952 1823 Per
976 1800 1067 1830 quam
1090 1791 1177 1822 Deus
1202 1792 1364 1824 extollitur

890 1838 935 1869 Et
958 1838 1120 1877 proximus
1147 1839 1288 1879 diligitur

938 1885 1118 1917 Intentione
1141 1895 1231 1925 pura.

893 1950 1002 1983 Carnis
1027 1951 1159 1983 horrens
1186 1952 1317 1984 delicias

941 1997 1051 2029 Cilicio
1077 1999 1220 2037 vestitur,

895 2045 1016 2084 Corpus
1041 2045 1138 2076 sentit
1162 2046 1321 2086 angustias

937 2092 1090 2133 Amictus,
1117 2093 1190 2124 dum
1214 2093 1347 2132 sopitur,

896 2138 949 2170 Sic
974 2142 1005 2170 et
1028 2147 1086 2178 per
1110 2139 1316 2171 abstinentias

943 2187 963 2219 J
966 2186 1078 2224 ejuniis
1103 2186 1250 2218 nutritur.

894 2234 987 2266 Jocos
1012 2233 1131 2272 sprevit
1157 2236 1190 2264 et
1211 2233 1339 2272 nuptias

894 2279 939 2311 Et
962 2280 1080 2310 saeculi
1105 2280 1287 2319 blanditias,

943 2326 1026 2357 Dum
1052 2327 1169 2359 Christi
1198 2336 1275 2358 crux
1299 2326 1447 2361 ambitur.
