1650 2587
214 208 244 241 2.
271 207 366 240 Brevi
392 208 446 241 diu

321 255 445 289 clausus
474 258 599 298 tugurio

270 302 407 334 Multum
432 304 501 336 Deo

319 351 476 390 quaesiyit
493 353 655 393 populum,

271 396 370 429 Nulla
395 402 483 431 veste

317 444 378 476 nisi
403 447 506 479 cilicio

271 490 477 531 Despicatum

319 539 428 572 velans
454 542 684 584 corpusculum,

272 586 358 618 Raro
385 589 488 621 carnis

321 643 483 668 assumens
508 636 659 676 pabulum

273 680 459 715 Maceratur

322 728 416 769 longo
438 731 569 773 Jejunio,

274 774 406 815 Sumpta
431 778 513 809 solet
535 786 628 809 rarae

321 826 424 855 motus
450 825 530 856 cutis
556 834 629 856 esca
655 824 792 857 domare.

273 879 324 911 Ne
349 880 463 913 lateret
487 882 520 913 in
546 881 685 913 tenebris

272 927 369 959 Ultra
393 936 449 960 vas
474 929 603 967 plenum
627 929 753 969 lumine,

269 973 326 1005 Fit
350 978 459 1006 sancto
486 976 596 1007 domus
621 975 764 1014 celebris,

270 1021 316 1053 Ut
339 1021 397 1052 sub
423 1022 490 1061 ejus
515 1023 667 1062 regimine

271 1067 383 1098 Plures
407 1068 440 1100 in
466 1069 526 1100 Dei
549 1069 676 1100 nomine

271 1113 400 1145 Starent
423 1116 523 1155 pulsis
547 1115 728 1155 illecebris;

269 1160 383 1193 Gratia
402 1160 545 1194 fraterna

316 1209 402 1248 viget
424 1210 457 1240 in
482 1209 623 1241 bonitate
648 1212 790 1249 paterna.

332 1321 376 1352 In
405 1322 437 1355 3.
463 1322 688 1356 Nocturno.

415 1396 612 1432 Antiphonae.

212 1453 242 1485 1.
269 1453 437 1492 Tyrrhena
460 1455 586 1486 sulcans
611 1463 747 1494 aequora

270 1500 363 1532 Subit
385 1501 503 1533 Arauri
528 1502 633 1542 litora,

269 1548 331 1579 Hic
355 1546 420 1579 fixa
442 1549 534 1579 stetit
554 1549 701 1588 anchora,

267 1595 368 1626 Fessa
393 1596 553 1636 respirant
575 1599 714 1636 pectora.

233 1676 241 1684 .
268 1651 346 1683 Post
368 1653 483 1684 navale
507 1652 680 1691 periculum

269 1698 414 1730 Christus
441 1699 591 1731 dilectum
616 1698 767 1731 famulum

267 1746 360 1777 Misit
383 1746 495 1778 salutis
521 1746 661 1786 bajulum

268 1794 322 1825 Ad
346 1793 561 1833 Agathensem
587 1794 749 1835 populum.

233 1875 240 1882 .
266 1851 357 1883 Haec
380 1850 456 1883 urbs
482 1852 514 1882 in
539 1850 631 1883 fauce
657 1851 801 1892 Gothica‚

268 1898 361 1930 Licet
387 1898 451 1929 situ
475 1899 518 1930 sit
541 1899 676 1939 modica,

266 1945 350 1976 Fide
374 1946 480 1977 tamen
506 1946 662 1977 catholica

265 1992 378 2032 Regna
403 1990 522 2024 fatetur
548 1993 675 2027 coelica.

403 2076 610 2113 Responsoria.

207 2137 237 2170 1.
265 2133 467 2168 Jucundatur

313 2182 421 2214 Severi
448 2183 600 2215 sanctitas

265 2231 301 2263 In
328 2230 468 2263 adventu

312 2278 427 2310 devote
451 2279 601 2319 passeris,

264 2326 360 2365 Cujus
384 2334 443 2365 per
467 2327 550 2358 hunc

316 2371 407 2405 famis
432 2374 602 2406 austeritas

823 116 892 151 233
943 136 985 142 -—-

954 212 1122 246 Saturatur

999 269 1036 292 ex
1064 261 1145 293 dono
1171 261 1306 302 Cereris,

950 307 1028 339 Mox
1052 307 1168 340 nullius

1003 355 1150 387 delictum
1175 356 1305 388 sceleris

953 401 1055 433 Solvit
1078 403 1169 441 pedis

1000 449 1132 481 reducta
1155 450 1283 492 sanitas,

884 496 922 528 V.
953 495 987 528 Si
1012 494 1100 528 frons
1125 505 1179 528 seu
1206 497 1326 529 cedidit

1000 551 1120 586 passer,
1144 544 1231 576 Deus
1257 545 1360 575 omnia
1384 545 1475 577 vidit.

896 600 927 631 2.
955 598 1031 630 Cum
1059 602 1186 632 senator

1000 646 1088 678 urbis
1114 647 1267 679 Salustius

954 693 1072 725 Vivens
1097 694 1158 725 sibi

1001 740 1201 779 sepulchrum
1226 740 1361 780 foderet,

954 787 1124 828 Edocetur‚

1002 834 1085 873 quod
1111 835 1177 874 ejus
1202 834 1285 867 filius

952 881 1015 912 Hic
1039 879 1206 913 defunctus

999 927 1088 967 prior
1112 929 1297 971 quiesceret,

953 974 998 1007 Ut
1022 974 1155 1007 Severus

1000 1030 1058 1060 per
1082 1022 1143 1054 hoc
1168 1023 1356 1055 claresceret

951 1068 996 1099 Et
1020 1067 1126 1100 futuro

1000 1114 1098 1146 fuisse
1121 1116 1302 1158 praescius3

883 1161 921 1194 V.
952 1162 1045 1193 Dona
1067 1163 1255 1202 prophetiae

1000 1209 1089 1240 dedit
1111 1210 1161 1241 illi
1184 1218 1298 1241 neuma
1322 1210 1461 1249 sophiae.

894 1266 925 1298 3.
950 1265 1158 1297 Praedicatur

997 1313 1032 1344 in
1058 1313 1230 1353 evangelio,

950 1359 1039 1398 Quod
1065 1358 1199 1392 Severus

1000 1406 1098 1437 claret
1124 1416 1161 1438 ex
1186 1407 1320 1449 actibus,

952 1453 1034 1485 Nam
1061 1454 1101 1485 de
1125 1455 1219 1485 trium

997 1509 1114 1539 panum
1138 1502 1323 1541 compendio

949 1547 1121 1587 Sexaginta

997 1596 1147 1627 trecentis
1172 1594 1325 1627 fratribus

951 1641 1063 1675 Cibum
1090 1643 1179 1674 dedit

998 1689 1219 1730 esurientibus,

950 1737 995 1768 Et
1020 1736 1117 1768 divini

1000 1783 1074 1815 doni
1098 1783 1230 1816 refectio

952 1831 1141 1870 Mancipatis

1000 1878 1118 1910 Christi
1142 1879 1273 1911 servitio

951 1926 1014 1957 Per
1037 1928 1103 1957 tres
1127 1926 1194 1958 dies

998 1971 1122 2004 suffecit
1145 1973 1305 2013 omnibus3

879 2021 917 2054 V,
947 2020 1007 2059 Qui
1030 2018 1140 2052 turbas
1164 2021 1263 2061 pavit,

996 2075 1054 2098 sua
1078 2075 1211 2099 munera
1233 2068 1467 2108 multiplicavit.

1112 2161 1271 2189 Prosellus.

950 2228 1055 2262 Corde
1078 2237 1165 2261 mex-0
1190 2229 1258 2262 Deo
1284 2239 1358 2262 vero

996 2276 1116 2308 Psallat
1141 2279 1250 2309 nostra
1274 2278 1394 2319 concio,

949 2324 987 2356 In
1014 2323 1131 2356 Severo
1155 2325 1224 2356 laus
1249 2325 1280 2357 in
1308 2326 1392 2358 clero

997 2370 1052 2402 Fit
1076 2375 1107 2403 et
1128 2372 1286 2411 jubilatio.
