1650 2587
701 132 930 168 -19,

371 226 577 262 Responsoria.

179 275 211 307 2,
239 273 296 304 Vir
319 274 430 306 beatus
456 273 580 315 fugiens

171 2349 202 2380 ⁸10

286 321 468 354 Recusabat
490 322 609 363 sedem,

236 367 286 400 De
310 371 403 400 nocte
428 368 576 400 exsiliens

284 415 493 455 Perquirebat
516 416 638 457 aedem,

329 462 375 495 Ut
398 471 433 494 se
456 465 565 502 posset
588 464 723 497 latitare.

234 506 317 542 Cum
337 519 398 550 per
421 512 522 542 totam
537 514 662 543 noctem
680 508 787 543 deam-

234 555 395 598 nutasset,
421 557 569 597 pervenit
593 559 637 590 ad
654 560 787 597 portam

236 603 434 637 Romanam.

199 686 206 693 .
234 660 460 700 Pendenteque
486 661 602 693 diutius

235 706 306 739 Hoc
330 707 434 739 medio
460 707 621 751 Leontius,

237 753 294 785 Vir
320 755 423 786 clarus
450 758 482 786 et
505 755 647 798 nobilis,-

233 802 362 834 Invenit
384 802 586 834 Ambrosium

283 849 321 880 In
346 850 435 888 saepi
459 850 620 882 latentem.

234 893 317 928 Cum
358 896 592 928 deambulasset
628 894 785 928 Leontius

236 943 271 974 in
293 942 528 982 possessione-m
558 952 674 982 suam,
706 943 786 975 vidit

235 990 410 1022 aw‘istitem
427 989 727 1029 apprehendensque
748 990 785 1021 iz-

234 1036 301 1069 lum
317 1036 473 1077 perduxit
495 1036 541 1068 acl
565 1037 654 1069 cives.

292 1158 338 1191 In
365 1161 396 1192 2.
423 1159 653 1191 Nocturno.

376 1224 570 1260 Antiphonae.

199 1308 206 1315 .
235 1282 353 1315 Vidcns
377 1285 470 1323 pater
494 1282 592 1323 geniti

281 1338 356 1368 apes
387 1330 558 1370 evolantes,

234 1377 298 1408 Per
322 1378 404 1408 aeris
430 1376 583 1408 ambitum

280 1423 314 1454 iu
338 1424 436 1456 altum
462 1423 638 1463 tendentes,

234 1471 427 1504 Perterritus
451 1471 582 1502 nimium

281 1518 425 1558 cogitque
449 1520 625 1550 moerentes

231 1564 369 1597 Matrem
393 1567 487 1605 atque
511 1564 608 1597 filiam

282 1612 391 1644 Potius
417 1613 600 1652 gaudentes,

196 1695 203 1702 .
231 1669 264 1702 Si
289 1669 342 1700 hic
365 1677 446 1709 puer
471 1668 595 1712 vixerit,

278 1716 432 1757 Dixitque
456 1716 557 1756 uxori,

233 1764 342 1797 Soroxi
367 1773 429 1797 non
455 1764 558 1803 latuit,

280 1813 366 1850 Quae
386 1811 453 1852 jam
478 1811 645 1854 nuntiavit,

231 1859 294 1891 Hic
317 1858 374 1891 fiet
396 1857 552 1891 mirabilis

279 1908 385 1947 Atque
408 1915 539 1948 magnus
564 1906 634 1940 erit.

231 1965 401 2004 Postquam
425 1962 611 1996 liberalibus

278 2011 401 2044 artibus
426 2011 567 2051 edoctus,

230 2058 281 2091 Ab
307 2059 387 2091 urbe
411 2066 555 2098 egressus
582 2061 630 2090 cst

278 2109 311 2138 ct
334 2106 410 2139 inde
434 2105 596 2145 profectus

228 2155 366 2193 Propter
391 2153 584 2193 adjutmlum

276 2204 467 2242 praetorque
493 2200 631 2234 effectus.

367 2285 575 2322 Responsoria.

227 2345 407 2387 Episcopus
434 2344 632 2384 Ambrosius,

229 2394 408 2436 Splendens
433 2395 469 2425 ut
491 2391 567 2425 solis
592 2392 713 2432 radius,

915 228 1078 269 Liguriam
1106 236 1250 270 agressus
1276 230 1325 259 est

915 277 1144 315 Aemiliamque
1168 278 1312 314 arreptus
1338 278 1386 306 ost

915 323 968 355 Ad
993 323 1163 364 regendum
1188 321 1325 354 officium

916 370 1071 403 Praetorii
1095 372 1227 410 propter
1247 370 1369 408 jussum

914 417 1119 456 Imperatoris
1144 416 1351 449 commissum.

847 464 882 497 V.
913 465 1012 504 Vade,
1038 464 1140 503 inquit
1162 464 1345 503 imperator,

914 512 984 551 Age
1007 514 1043 543 ut
1067 511 1242 550 episeopus,

914 558 1011 589 Velut
1031 557 1131 598 judex
1154 566 1217 589 non
1242 558 1286 588 sis
1310 559 1409 594 actor,

915 604 978 637 Sed
1003 609 1038 637 ut
1062 604 1303 637 ecclesiasticus.

855 663 886 695 3.
914 661 938 694 O
963 662 1091 701 praesul
1118 661 1253 702 egregie,

961 709 1099 749 Magnae
1119 708 1279 748 bonitatis,

913 755 1042 787 Manum
1067 756 1157 788 nobis
1182 755 1309 795 porrige

960 803 1048 834 Tuae
1072 802 1259 844 sanctitatis,

914 848 1133 889 Christumque
1156 849 1283 882 assidue

958 896 1059 928 Deum
1087 896 1230 929 veritatis

912 942 1104 983 Dememre,
1129 943 1225 976 mide

960 991 1096 1031 Magnae
1122 990 1258 1028 deitatis,

912 1036 957 1068 Ut
980 1037 1135 1076 possimus
1160 1036 1268 1068 vivere

960 1083 1091 1123 Semper
1114 1092 1185 1115 cum
1209 1083 1321 1116 beatu.

843 1129 880 1162 V.
912 1129 970 1168 Qui
999 1131 1142 1163 merv³sti
1167 1138 1278 1170 regere

912 1178 1067 1217 Populum
1091 1177 1317 1217 Mediolanum,

911 1225 1000 1256 Velis
1024 1225 1224 1257 intercedere

912 1271 961 1304 Tu
981 1281 1040 1311 pro
1064 1271 1155 1303 nobis
1180 1271 1293 1305 Deum.

971 1423 1016 1455 In
1043 1425 1072 1457 3.
1100 1422 1330 1454 Nocturno.

1060 1497 1253 1533 Antiphonae.

857 1567 886 1599 1.
914 1564 1060 1599 Officium
1082 1564 1232 1604 praetori

958 1612 1038 1644 Tam
1062 1611 1232 1651 splendide
1255 1612 1319 1652 egit

914 1659 1094 1700 Causasque
1121 1659 1243 1691 consilii

959 1707 1010 1739 Ita
1033 1707 1206 1748 peroravit,

914 1754 1035 1788 Meruit
1063 1754 1147 1793 quod
1171 1754 1241 1786 ficri

959 1810 1090 1843 magnus
1114 1801 1284 1833 consularia

855 1861 882 1892 2,
914 1860 1082 1899 Postquam
1110 1858 1237 1898 praesul
1263 1857 1391 1889 effectus
1418 1866 1467 1888 0⁶,-

914 1907 1115 1947 Insigniaque
1139 1906 1288 1945 suscepit,

913 1953 959 1988 Ut
983 1957 1107 1993 regeret
1129 1953 1301 1994 Liguriam,

913 2001 1143 2041 Aemiliamque
1164 2000 1299 2040 accepit,

911 2048 1096 2082 Provincias
1121 2056 1268 2089 agressus
1293 2050 1350 2086 est,

910 2096 1128 2129 Mediolanum
1152 2095 1296 2128 accessit.

855 2159 886 2187 3.
911 2152 1041 2185 Mortuo
1068 2152 1217 2192 episcopo

960 2200 1050 2232 Tunc
1073 2199 1249 2232 Mediolani

916 2247 1076 2281 Clamatur
1101 2257 1121 2279 a
1144 2247 1271 2287 populo,

961 2294 1097 2327 perfidis
1122 2295 1245 2335 Ariani,

914 2343 1005 2377 Tunc
1029 2351 1142 2383 magna
1166 2342 1281 2375 seditio

961 2390 1039 2422 Fuit
1061 2390 1094 2423 in
1121 2390 1253 2431 vulgari.

1255 2444 1298 2473 2*
