1650 2587
217 198 255 229 ln
280 198 419 236 ejusdem
445 199 632 238 subrogatur

262 245 376 276 Avitus
402 246 562 285 coenobio,

145 291 183 322 V.
215 292 360 330 Quamvis
385 293 442 323 tali
464 293 664 324 vehementer

267 338 404 370 obstaret
429 339 562 378 negotio.

156 405 187 435 2.
212 404 293 435 Erat
317 404 442 443 quidam
466 405 499 435 in
524 405 633 436 eodem

261 450 429 482 monachus
455 452 614 490 coenobio,

215 496 274 534 Qui
297 497 412 528 Avitus
435 498 609 529 vocabatur

259 544 384 575 nomine
408 553 446 575 ex
470 545 610 585 proprio,

143 590 182 622 V.
211 591 306 629 Quem
333 590 466 621 adscivit
491 593 599 621 sancto
616 592 759 621 sanctum

261 635 435 668 Carlileffus
460 637 589 670 socium.

303 729 348 761 In
373 729 596 763 Laudibus,

351 794 544 831 Antiphonae.

157 852 188 884 1.
211 852 391 883 Exomatas
416 855 464 884 tot
487 853 636 884 virtutum

258 899 355 938 signis
381 902 410 930 et
434 900 589 939 prodigiis

213 945 346 976 Sanctus
371 947 442 977 vehi
467 947 508 978 ad
534 948 691 978 coelorum

260 1001 359 1032 regna
380 993 445 1030 jam
470 994 652 1032 promeruit.

155 1060 187 1090 2.
212 1058 291 1097 Ejus
316 1060 419 1089 autem
441 1060 472 1090 in
503 1062 670 1098 conspectu

262 1105 364 1136 coelos
389 1106 528 1145 gaudens
553 1109 709 1146 penetrat,

215 1151 270 1183 Cui
297 1152 427 1183 devotus
454 1153 622 1184 deservivit

257 1207 381 1237 semper
403 1200 434 1230 in
460 1200 591 1233 laetitia.

833 199 864 230 3.
889 198 983 229 Hunc
1008 198 1153 229 coelestis
1175 198 1348 230 retributor

937 245 1116 284 vigilantem
1142 245 1261 284 reperit

888 291 1100 331 Braviumque
1123 292 1347 331 repromissum

934 338 1052 369 sanctis
1077 339 1105 369 ei
1132 338 1274 370 contulit.

832 385 865 417 4.
890 384 985 416 Unde
1009 387 1119 416 nostra
1143 393 1352 424 supernorum

933 431 1062 462 vocibus
1086 441 1148 463 vox
1174 432 1286 463 civium

886 478 1002 509 Juncta
1024 478 1134 509 mundi
1159 479 1354 509 conditorem

929 524 1097 555 benedicat
1120 524 1298 557 Dominum.

829 592 860 622 5.
885 589 970 621 Laus
994 590 1160 629 praeclara
1186 590 1362 628 decoraque

932 636 1000 667 Deo
1024 638 1132 667 nostro
1158 639 1294 679 resonet,

884 683 979 714 Hunc
1001 685 1168 722 patronum
1194 683 1246 722 qui
1271 685 1319 714 tot
1339 683 1437 722 signis

933 733 1166 762 corruscantem
1189 730 1325 763 exhibet.

998 813 1042 840 Ad
1062 813 1245 840 Benedictus.

814 872 854 904 A.
882 871 906 903 O
933 871 1033 902 virum
1060 870 1260 911 ineffabilem,

882 918 946 950 Per
970 918 1073 949 omnia
1097 918 1299 957 laudabilem,

884 966 947 997 Per
972 974 1062 1004 quem
1086 967 1175 995 tanta
1197 965 1333 1004 insignia

883 1012 1041 1043 Miracula
1065 1012 1216 1050 rutilant,

880 1059 943 1090 Hic
966 1062 1002 1089 ut
1025 1067 1081 1089 nos
1108 1058 1185 1089 coeli
1210 1058 1330 1089 civibus

885 1105 957 1136 Suis
982 1105 1134 1145 adjungat
1156 1105 1314 1144 precibus,

883 1152 981 1183 Proui
1003 1160 1146 1191 rogemus
1170 1152 1329 1191 supplices

884 1199 1011 1240 Regem,
1037 1199 1088 1238 qui
1115 1202 1228 1230 cuncta
1250 1199 1401 1238 possidet.

218 1273 302 1299 Brev.
315 1272 525 1300 Aurelianense
545 1275 612 1307 imp.
630 1281 652 1299 s.
672 1273 693 1299 1.
714 1272 744 1299 et
763 1281 789 1299 a.
809 1288 847 1292 —e
866 1273 901 1300 In
923 1271 947 1299 1.
961 1273 1048 1307 Xesp.
1068 1273 1106 1299 ad
1119 1273 1217 1308 Magn.
1238 1270 1269 1305 Α,
1290 1272 1307 1299 7
1321 1273 1434 1299 Trium-

142 1310 256 1345 phatur.
276 1324 312 1329 —
333 1310 368 1336 In
389 1309 413 1336 1.
434 1310 517 1337 Noct.
539 1309 561 1336 Α
581 1310 608 1344 2,
628 1309 646 1336 2
666 1314 733 1337 actu
754 1312 783 1337 in
806 1311 850 1337 elo
835 1311 931 1346 oquio.
951 1324 988 1328 —
1008 1311 1041 1337 In
1062 1308 1088 1367 2.
1107 1310 1191 1337 Noct.
1212 1308 1234 1336 Α
1256 1292 1282 1343 1,
1302 1308 1320 1336 2
1340 1314 1433 1337 tenei-

140 1349 212 1374 rime
232 1345 353 1374 tollitur.
372 1361 408 1366 4-
429 1348 463 1375 In
485 1357 511 1375 ο.
532 1331 617 1375 Noct'.
638 1346 661 1373 Α
682 1346 715 1381 2,
742 1346 759 1374 2
779 1348 897 1375 sedulus
919 1356 977 1383 erg
970 1349 1045 1375 1n7t

140 1385 175 1412 (le
195 1386 348 1412 communi.
368 1398 405 1404 -—-

1125 1345 1145 1373 R
1168 1345 1185 1372 2
1204 1347 1353 1383 prosaisch
1375 1348 1435 1374 und

585 1476 611 1507 9.
649 1477 692 1507 De
711 1477 820 1507 sancta
839 1477 988 1508 Barbara.

275 1555 319 1585 In
351 1554 380 1586 1.
406 1556 615 1594 Vesperis.

348 1628 541 1664 Antiphonae.

151 1695 182 1728 1.
207 1694 310 1726 Adest
335 1693 400 1725 dies
426 1694 548 1736 eximia,

208 1741 318 1772 Novae
340 1741 444 1773 laudis
469 1742 611 1779 materia,

211 1787 346 1818 Plaudat
368 1791 469 1819 mater
495 1789 627 1820 ecclesia

206 1834 249 1866 Et
275 1833 413 1865 celebret
435 1843 504 1865 cum
529 1836 629 1875 gloria

208 1880 341 1912 Sanctae
364 1881 525 1913 Barbarae
545 1883 669 1922 gaudia,

150 1949 182 1980 2.
203 1947 298 1979 Felix
323 1947 389 1979 dies

251 1994 345 2025 Felix
369 1995 566 2035 solemnium,

208 2042 274 2080 Quo
298 2042 452 2081 pugnanti

254 2089 390 2120 Paratur
415 2089 570 2128 bravium,

206 2136 327 2167 Lassae
350 2137 436 2175 quies

252 2182 298 2214 Et
320 2191 445 2222 pugnae
467 2183 641 2223 praemium

298 2230 361 2261 Pro
386 2231 529 2264 victoria.

149 2297 180 2329 3.
206 2296 321 2328 Omnes
346 2304 419 2336 ergo
444 2297 645 2338 gratulemur,

209 2342 325 2375 Christi
349 2352 495 2382 sponsam
522 2347 552 2375 et
575 2352 751 2384 precemur,

883 1556 959 1595 Ipsa
979 1555 1078 1586 nostri
1104 1555 1187 1595 quod
1211 1556 1254 1586 sit
1277 1564 1395 1587 memor

930 1602 967 1634 In
992 1603 1098 1641 sponsi
1123 1603 1313 1641 praesentia.

822 1670 854 1701 4.
880 1668 1065 1699 insistentes
1089 1670 1162 1699 tuae
1180 1669 1279 1709 laudi,

879 1715 903 1746 O
924 1714 1077 1755 Barbara,
1102 1724 1159 1747 nos
1185 1716 1309 1756 exaudi,

878 1762 1016 1793 Multum
1037 1762 1164 1801 quidem
1188 1771 1294 1793 sumus
1320 1764 1377 1801 rei,

879 1808 945 1840 Nos
972 1808 1116 1848 defende,
1142 1819 1259 1849 sponsa
1281 1809 1354 1849 Dei,

927 1856 988 1887 Per
1012 1858 1067 1887 tua
1090 1855 1251 1896 suffragia.

824 1923 855 1954 5.
883 1922 926 1954 Ut
951 1931 969 1953 a
995 1922 1095 1961 culpis
1121 1923 1238 1962 expiati

877 1968 1085 2008 Resignemur
1111 1969 1220 2001 deitati

878 2015 922 2047 Et
948 2016 1074 2048 divinae
1097 2017 1256 2056 maiestati

926 2063 1119 2095 Resonemus
1144 2065 1284 2104 alleluja.

994 2147 1041 2174 Ad
1060 2148 1239 2182 Magnificat.

810 2204 850 2235 A.
875 2204 956 2243 Ave,
981 2208 1104 2244 martyr
1128 2214 1146 2237 o
1171 2205 1326 2246 Barbara,

878 2251 957 2293 Ave,
983 2252 1073 2292 virgo
1097 2252 1165 2284 Deo
1192 2261 1275 2292 ‹mi-a,

878 2299 959 2336 Ave,
986 2299 1158 2337 splendens
1183 2300 1249 2339 poli
1272 2309 1405 2342 gemma,

881 2345 966 2383 Quae
992 2354 1059 2376 cum
1084 2349 1186 2378 morte
1211 2348 1355 2385 speciosa
