1650 2587
654 75 886 110 „¹78...

195 171 330 203 Subdita
357 172 429 203 dum
455 169 572 201 sanctis

237 227 366 257 pareres
390 217 512 256 legibus
540 216 625 255 ejus!

140 270 171 301 3.
197 269 324 300 Ardens
348 270 381 300 in
407 268 522 300 Christi

237 316 354 355 ‚iugiter
377 313 531 355 flagrabat
557 321 673 351 amore,

192 360 256 393 Per
280 371 369 401 quem
397 363 509 392 cuncta
531 360 580 391 sui

240 409 400 440 molimina
423 409 589 446 spreverat
611 405 723 446 hostis,

193 455 332 486 Aethere
356 456 509 494 perpetuo

236 502 301 540 jam
328 499 523 541 perfruitura
546 498 708 538 trophaeo.

140 554 172 585 4.
199 553 288 585 Haec
314 552 437 584 Christo
462 550 596 581 Domino

241 599 372 631 servivit
396 597 577 636 virginitate

196 645 343 685 Corporis
370 647 402 676 et
421 644 545 685 mentis,

240 701 361 732 pernox
386 693 418 722 et
440 690 574 730 pervigil
599 690 670 729 ipsa

189 739 354 772 Perfectae
376 738 461 771 vitae

242 787 346 818 studio
371 784 525 825 flagrante
550 784 701 816 valenter.

138 841 168 871 5.
194 839 279 870 Ante
302 838 414 877 Deum,
439 837 494 876 pia
509 836 608 876 virgo,
633 843 744 875 preces

243 884 402 916 effundere
427 886 513 915 certa

197 931 333 964 Crimine
356 940 415 971 pro
439 933 547 962 nostro

244 979 335 1011 nobis
361 982 392 1009 et
415 986 511 1017 posce
534 976 688 1008 medelam

197 1025 344 1067 infirmis,
371 1032 450 1065 quae
473 1025 544 1055 luce
567 1023 633 1063 poli

242 1071 432 1111 perfungere
458 1071 543 1103 civis.

315 1131 360 1159 Ad
379 1129 555 1166 Magnificat-

159 1202 166 1208 .
197 1175 319 1215 Sponsa
342 1174 412 1212 Dei,
440 1172 610 1213 Genovefa,
636 1175 708 1204 tuae

243 1230 362 1253 memor
387 1222 452 1251 esto
479 1222 634 1259 catervae,

197 1268 282 1307 Quae
301 1271 356 1300 tua
381 1269 469 1307 gesta
494 1275 606 1298 canens

244 1325 264 1347 a
287 1318 319 1346 te
343 1314 425 1354 petit
448 1313 604 1350 auxiliari,

196 1362 320 1393 Natalis
346 1369 414 1393 cum
439 1363 529 1400 grata
552 1360 598 1391 tui

244 1408 395 1440 solemnia
419 1407 540 1446 pollent

197 1455 238 1487 Et
263 1460 295 1486 te
319 1456 504 1495 quaerentes

244 1502 397 1534 scelerum
421 1499 473 1532 fac
497 1503 586 1540 peste
612 1509 727 1532 carere.

269 1577 329 1608 Ad
354 1576 610 1608 Matutinum.

328 1631 542 1658 Invitatorium.

197 1675 363 1708 Praecelso
389 1673 466 1713 regi,

247 1722 295 1753 cui
320 1720 465 1752 machina
488 1719 630 1758 subjacet
651 1720 745 1762 orbis,

197 1769 256 1807 Qui
280 1768 342 1799 sibi
365 1766 503 1799 sacravit

248 1813 439 1846 Genovefam
467 1813 539 1844 dote
563 1812 697 1854 beatam,

200 1862 250 1894 En
275 1861 368 1892 labiis
392 1860 483 1899 huJus
507 1868 660 1891 memores

247 1911 275 1939 et
303 1909 399 1940 corde
424 1915 570 1938 canamus

257 1984 304 2015 In
332 1984 362 2015 1.
391 1982 617 2014 Nocturno.

345 2037 537 2073 Antiphonae.

166 2103 173 2110 .
200 2077 348 2116 Speciosa

250 2125 335 2164 virgo
362 2122 532 2161 Genovefa‚

200 2171 282 2202 Dum
307 2171 448 2202 carnales

248 2219 369 2257 sprevit
392 2217 569 2258 illecebras,

200 2264 319 2296 Summi
343 2264 427 2304 regis
450 2263 645 2303 gratissimos

202 2313 377 2345 Promeruit
403 2311 575 2350 amplexus.

814 170 846 202 2.
874 169 966 200 Hanc
989 169 1050 200 sibi
1076 167 1219 199 coelestis

921 216 1039 247 dicavit
1062 223 1194 253 sponsus
1218 212 1349 245 amicam

873 262 1022 293 Praesule
1047 260 1213 301 Germano,

918 308 971 347 qui
995 307 1081 347 pacti
1106 306 1246 338 conscius
1271 304 1398 336 arrham

871 354 1009 394 Virginis
1034 353 1074 385 ad
1099 355 1210 392 pectus

918 408 1076 432 nummum
1104 398 1296 438 praefixerat
1318 396 1422 435 hujus.

837 491 845 498 .
870 465 976 496 Mater
1000 465 1104 496 adhuc
1128 464 1195 502 ejus

917 512 1043 550 sapiens
1068 509 1209 541 carnalia
1231 510 1364 549 tantum,

872 557 954 589 Dum
980 557 1093 589 faciem
1117 558 1245 595 tereret,

916 604 1044 643 privata
1069 605 1118 634 est
1140 602 1258 634 lumine
1284 602 1398 634 vultus.

1010 696 1217 731 Responsoria.

838 789 845 796 .
871 764 974 803 Hujus
1000 764 1081 795 enim
1105 762 1233 794 Domini

915 810 1115 844 venerandae
1139 810 1271 842 exordia
1289 818 1424 849 sponsae

869 858 1041 890 Coelicolas
1067 857 1161 888 etiam

920 904 1122 936 celeberrime
1146 902 1359 935 laetificarunt

872 951 1028 983 Germano
1052 952 1216 991 promente
1240 959 1330 981 sacro

919 998 1090 1038 spiramine
1113 998 1225 1037 plen03

833 1070 839 1076 .
870 1045 950 1076 Nam
976 1054 1050 1077 vero
1074 1052 1207 1083 percara
1229 1043 1309 1085 Deo,

919 1091 1148 1131 persplendida
1172 1091 1289 1121 mundo

872 1139 979 1178 Atque
1001 1139 1079 1178 ipsis
1105 1137 1260 1169 imitanda
1284 1137 1360 1169 viris

922 1188 990 1216 erat
1012 1186 1069 1217 illa
1094 1183 1208 1218 futura.

937 1326 983 1357 In
1009 1327 1039 1358 2.
1066 1324 1293 1357 Nocturno.

1015 1407 1208 1443 Antiphonae.

838 1502 845 1508 .
870 1475 1018 1507 Artifices
1042 1483 1170 1516 operum

916 1523 1066 1554 sitiebant,
1100 1523 1241 1552 caumate
1266 1522 1423 1561 quondam

870 1570 983 1601 Vexati
1007 1568 1144 1610 nimium,

923 1619 1032 1655 potum
1053 1614 1165 1656 quibus
1190 1615 1301 1648 inclita
1325 1615 1414 1655 virgo

873 1662 985 1694 Traxit
1008 1663 1048 1694 ab
1073 1670 1147 1693 arce
1170 1662 1238 1701 poli

918 1709 1066 1749 precibus
1081 1707 1243 1740 Genovefa
1255 1709 1424 1741 novellum.

842 1802 847 1808 .
874 1775 1014 1815 Pervigil
1038 1776 1117 1807 haec
1141 1778 1234 1806 nocte

918 1831 1037 1853 summe
1062 1822 1223 1853 celebrare
1247 1822 1378 1865 solebat,

874 1869 1003 1907 Quando
1028 1869 1202 1900 resurrexit

923 1916 1044 1948 calcata
1067 1919 1169 1947 morte
1192 1917 1375 1957 redemptor

875 1962 1036 1994 Laudibus
1062 1966 1094 1993 et
1117 1963 1241 2003 hymnis

919 2019 1031 2050 magno
1055 2010 1267 2042 memorabilis
1291 2011 1370 2044 orbi.

843 2100 850 2106 .
876 2076 983 2116 Forte,
1010 2075 1179 2116 gerebatur

921 2123 1065 2155 manibus
1090 2124 1142 2162 qui
1167 2124 1298 2163 virginis
1321 2124 1426 2163 11ujuS‚

876 2170 992 2202 Cereus
1018 2170 1190 2203 exstinctus

923 2217 1115 2249 vehementis
1140 2217 1267 2249 turbine
1292 2217 1378 2248 venti

876 2263 1013 2295 Coelitus
1037 2264 1175 2296 admisso

924 2319 1047 2347 rursum
1073 2312 1263 2344 rutilaverat
1285 2311 1368 2350 igne.
