1650 2587
746 124 1002 160 —109—

220 220 260 255 R.
280 220 332 253 En
356 221 468 253 rutilat
491 222 659 260 praeclara

339 268 406 300 dies
431 268 580 301 solemnis
601 268 634 300 in
661 268 747 309 orbe,

294 315 363 354 Qua
387 316 491 347 coelos
516 315 691 348 Landrada
715 315 798 355 petit,

340 370 472 402 carpens
496 363 681 402 meritisque

290 409 438 441 Praemia
462 409 558 450 digna
579 410 653 453 suis,

337 454 456 489 fruitur
478 457 602 489 visione
628 458 775 499 creantis,

220 503 259 535 V.
288 504 451 543 Angelicis
476 505 588 536 turmis

341 551 433 593 virgo
458 551 578 584 sociata
603 550 714 585 beatis.

414 645 461 673 Ad
479 644 659 681 Mag-nificat.

226 703 268 735 A.
293 703 412 735 Beatae
437 702 629 735 Landradae

340 750 448 783 votiva
472 750 624 782 solemnia

295 797 419 829 Devote
444 796 584 829 celebret

342 844 483 876 militans
509 843 652 884 ecclesia,

294 890 343 924 Ut
363 891 466 931 ipsius
488 891 587 922 inter-

343 937 528 970 cedentibus
552 937 673 969 meritis

295 985 428 1017 Gaudiis
452 983 576 1024 perfrui

339 1034 521 1063 mereantur
545 1030 693 1064 aeternis,

358 1155 388 1186 A
401 1155 421 1186 d
445 1153 711 1186 Matutinum.

428 1219 643 1247 Invitatorium.

294 1277 471 1312 Jubilemus
498 1276 669 1309 dulcisonis

342 1323 543 1356 Carminibus
567 1323 731 1362 altissimo,

296 1372 354 1411 Qui
379 1371 491 1403 turmis
513 1371 620 1410 Junxit
645 1370 769 1402 coelicis

342 1418 547 1451 Landradam
572 1426 628 1450 suo
652 1418 775 1450 merito.

358 1531 404 1563 In
431 1532 460 1564 1.
487 1531 716 1564 Nocturno.

429 1597 636 1632 Responsoria.

237 1655 268 1688 1.
297 1655 421 1696 Sponsa
446 1656 524 1688 Jesu
550 1653 668 1687 Christi

339 1702 420 1733 nulli
445 1701 545 1735 voluit
570 1701 713 1741 copulari

292 1749 415 1790 Sponso
439 1749 577 1789 mortali,

342 1795 498 1829 famulans
523 1796 585 1828 sibi
610 1796 707 1828 corde
730 1795 829 1836 fideli,

295 1844 392 1884 Quem
418 1843 538 1877 viribus
563 1844 637 1876 totis

343 1892 460 1923 teneris
487 1891 600 1923 dilexit
622 1890 664 1923 ab
689 1892 798 1934 annis3

223 1940 261 1973 V.
292 1939 390 1979 Virgo
415 1939 523 1971 studet
545 1947 662 1979 sponso

341 1995 400 2027 pro
425 1994 519 2026 posse
543 1986 672 2026 placere
694 1985 822 2025 pudico.

237 2046 269 2077 2.
296 2043 422 2076 Nobilis
448 2043 526 2074 haec
549 2050 674 2082 genere,

343 2090 400 2122 sed
425 2088 564 2122 nobilior
587 2089 758 2130 probitate,

294 2137 424 2179 Sprevit
448 2144 555 2169 amore
577 2136 638 2168 Dei

343 2185 427 2217 bona
443 2187 558 2224 terrae,
579 2183 714 2216 culmina
726 2184 846 2224 mundi,

222 2234 261 2268 V.
291 2232 408 2267 Nobile
429 2231 525 2272 ⁸justis
549 2232 610 2263 hoc
633 2240 730 2271 genus

341 2280 464 2312 actibus
488 2279 560 2319 ipsa
584 2280 723 2314 decorat.

235 2342 265 2373 3.
293 2339 379 2371 Pura
403 2336 476 2378 fide,
503 2336 627 2376 patiens

343 2394 467 2426 quoque
475 2393 543 2425 spe,
555 2383 682 2416 fervens
694 2386 726 2415 et
732 2391 848 2422 amore,

976 221 1083 254 Gratis
1108 221 1220 251 ornata

1020 267 1158 300 moribus
1183 267 1254 306 ipsa
1278 265 1349 306 fuit,

933 339 944 350 .
972 315 1123 356 Simplex,
1148 312 1291 354 pacifica,

1018 362 1169 403 prudenS,
1188 360 1379 401 humilisque
1394 360 1520 400 pudica.

1030 448 1077 479 In
1102 448 1135 479 2.
1160 446 1388 478 Nocturno.

1105 511 1310 547 Responsoria.

940 595 948 602 .
975 568 1081 601 Omnis
1107 568 1146 600 ab
1171 568 1257 600 intus
1274 566 1376 607 gloria
1394 566 1524 607 virginis

1025 615 1147 647 exstitit
1168 615 1271 655 hujus,

975 663 1011 695 In
1038 661 1168 695 Domini
1191 662 1261 702 lege

1020 709 1193 742 meditatur
1215 712 1308 741 nocte
1333 708 1454 751 dieque,

937 782 944 790 .
972 757 1010 788 In
1035 757 1129 788 terris
1156 765 1259 797 carne,

1020 803 1078 836 sed
1102 813 1226 836 sursum
1250 806 1355 835 mente
1379 804 1508 837 resedit.

940 884 947 891 .
974 860 1135 900 JejunanS‚
1161 860 1294 899 vigilans

1022 910 1163 939 teneram
1189 915 1314 938 carnem
1330 907 1523 949 macerabat,

978 954 1111 994 Spiritui
1136 962 1262 993 semper

1019 1004 1051 1032 et
1075 1008 1143 1031 eam
1167 1001 1288 1032 servire
1313 1000 1453 1043 cogebat,

936 1073 944 1081 .
972 1047 1063 1079 Haec
1088 1047 1159 1078 aliis
1184 1047 1270 1079 mitis

1020 1094 1053 1126 in
1079 1102 1113 1125 se
1137 1096 1306 1134 servatque
1330 1093 1476 1133 rigorem.

942 1174 949 1182 .
977 1151 1037 1183 Est
1060 1159 1182 1190 pauper
1206 1150 1300 1190 laeta,

1021 1200 1167 1230 constans
1192 1199 1224 1229 et
1246 1200 1351 1230 mente
1376 1198 1491 1239 quieta,

976 1244 1130 1285 Spectans
1154 1246 1317 1278 mercedes

1021 1292 1153 1332 animae,
1169 1292 1273 1324 carnis
1287 1301 1409 1332 quoque
1424 1293 1524 1333 dotes,

937 1363 943 1369 .
973 1339 1037 1372 Pro
1064 1339 1189 1372 Christo
1214 1340 1322 1379 plures

1021 1385 1131 1419 suffert
1153 1386 1328 1419 Landrada
1351 1386 1489 1419 labores.

1034 1473 1081 1504 In
1102 1472 1133 1504 3.
1157 1471 1216 1503 No
1227 1473 1387 1504 eturno.

1116 1530 1310 1568 Antiphonae.

942 1611 948 1617 .
974 1584 1143 1616 Benedicit
1163 1584 1275 1625 Deum,
1301 1584 1413 1616 laudat

1021 1631 1142 1664 Diebus
1168 1634 1262 1671 atque
1283 1631 1439 1673 noctibus,

976 1679 1063 1719 Orat,
1085 1679 1219 1719 jejunat,
1246 1679 1367 1719 vigilat,

1024 1726 1095 1759 Suis
1119 1726 1244 1759 laborat
1266 1726 1422 1761 manibus.

917 1785 948 1817 2.
968 1784 1009 1816 In
1033 1784 1128 1815 terris
1153 1792 1188 1815 se
1208 1785 1359 1822 reputans

1021 1830 1135 1873 Vilem‚
1159 1831 1228 1863 Deo
1254 1839 1336 1872 cara,

975 1878 1069 1910 Nunc
1091 1878 1125 1909 in
1151 1878 1246 1910 coelis
1270 1878 1427 1919 habitans,

1020 1925 1138 1965 Fulget
1161 1925 1258 1966 signis
1284 1926 1381 1958 clara.

920 1983 950 2015 3.
977 1982 1025 2015 Ob
1050 1982 1178 2014 laudem
1202 1990 1314 2014 sacrae
1338 1982 1470 2023 virginis

1019 2030 1143 2062 Novum
1169 2038 1296 2062 carmen
1321 2030 1525 2071 concinium,

969 2078 1017 2110 Ut
1041 2085 1147 2109 secum
1170 2076 1235 2109 frui
1258 2076 1382 2116 gaudiis

1022 2123 1123 2157 Nobis
1149 2124 1245 2156 donet
1270 2124 1470 2158 coelestibus,

1115 2190 1322 2225 Responsoria.

920 2240 949 2271 1.
976 2238 1079 2270 Vilem
1105 2246 1140 2269 se
1164 2239 1315 2278 reputans

1025 2285 1159 2318 humiles
1186 2286 1327 2318 exercuit
1350 2288 1449 2327 actus,

977 2333 1131 2366 Subvenit
1155 2336 1186 2365 et
1209 2332 1333 2365 miseris

1022 2380 1081 2413 sibi
1109 2381 1279 2413 subtractis
1305 2381 1473 2422 alimentis,
