1650 2587
283 195 466 234 Baptizatos

330 242 530 274 commendat
553 243 683 283 numini,

282 289 479 321 Benedicens

330 336 419 375 operi
444 336 581 369 Domini.

213 393 244 424 5.
272 392 426 432 Princeps
451 395 558 425 terrae

330 442 434 471 motus
458 440 581 473 invidia

283 486 488 527 Promulgata

328 534 440 565 mortis
462 535 622 576 sententia

281 580 393 613 Virum
416 581 477 613 Dei

333 628 441 659 necari
465 629 634 672 praecipit,

285 674 468 714 spiculator

331 722 509 754 necandum
533 723 675 763 suscipit.

397 786 443 814 Ad
462 787 646 815 Benedictus.

212 836 253 866 A.
280 835 475 874 Deputatum

332 885 475 913 sanctum
499 883 653 923 martyrio

280 929 488 960 Lamentatur

329 974 434 1007 fidelis
459 976 577 1018 concio,

844 100 984 136 85-

961 197 1026 229 Sed
1050 205 1178 229 securus

1009 244 1112 277 factus
1138 244 1179 275 de
1201 246 1344 284 praemio

963 292 1057 325 Vitae
1081 300 1206 323 cursum

1009 338 1113 373 finivit
1136 339 1253 378 gladio.

1029 480 1075 512 In
1100 481 1132 513 2.
1158 480 1267 520 Vcsp
1278 481 1373 513 eris.

1082 572 1128 600 Ad
1146 572 1323 608 Magnificat.

893 648 933 682 A.
959 649 983 681 O
1011 648 1137 690 Georgi,

1010 698 1103 735 pater
1127 698 1159 726 et
1185 696 1319 737 domine,

965 741 1096 775 Gemma
1120 741 1243 782 fulgens

1010 790 1042 821 in
1069 789 1149 822 coeli
1174 790 1319 832 culmine,

961 836 1133 868 Exorando

1009 883 1071 915 Dei
1094 883 1290 916 clementiam

964 929 1070 961 Servis
1095 930 1157 961 tuis

1009 977 1146 1017 implora
1171 978 1304 1012 veniam.

306 1059 392 1086 Brev.
416 1068 467 1087 ms.
487 1060 662 1087 Vivariense
682 1067 757 1085 saec.
780 1056 822 1086 15.
845 1058 913 1086 Cod.
929 1059 1111 1088 Avenionen.
1134 1058 1198 1087 219.
1218 1076 1257 1081 ——
1276 1062 1312 1089 In
1334 1061 1358 1089 1.
1373 1063 1460 1099 ῪεΔΡ.
1476 1064 1512 1091 ad

210 1097 288 1130 Mag.
311 1095 344 1128 A,
367 1095 382 1124 1
396 1097 527 1125 Gaudete
553 1106 628 1124 cum.
652 1110 687 1114 —
707 1096 781 1123 Ibid.
807 1094 825 1124 S
845 1098 953 1132 spiritu
978 1098 1136 1125 exsultans.
1161 1113 1197 1117 —
1217 1099 1254 1125 In
1272 1100 1357 1127 Noct.
1378 1098 1426 1126 ΑΑ
1445 1110 1510 1136 pro-

211 1135 317 1162 saitch.
339 1149 375 1153 --
397 1133 417 1161 Β
441 1133 472 1169 1,
496 1133 510 1162 1
532 1134 639 1162 Caesar
663 1134 746 1161 fastc.
767 1149 803 1153 —
826 1132 846 1160 Β
869 1133 893 1168 1,
915 1132 933 1162 3
954 1134 1132 1163 Contiuctus.
1153 1150 1189 1154 —
1212 1133 1231 1161 R
1256 1134 1280 1169 1,
1301 1136 1319 1165 ὅ
1338 1138 1455 1173 injuria.
1475 1154 1514 1159 —-

209 1172 246 1199 In
264 1172 357 1200 Laud.
381 1171 404 1199 Α
424 1171 457 1206 3,
482 1171 499 1200 5
519 1172 587 1200 Jam
612 1180 740 1207 corpore.
760 1186 798 1191 -
818 1170 841 1198 Α
861 1170 893 1207 3,
926 1171 944 1199 7
965 1173 1055 1201 Puras
1075 1174 1184 1201 lavant.
1205 1188 1242 1194 -
1262 1174 1297 1202 In
1317 1173 1343 1202 2.
1363 1176 1450 1212 Vesp.
1476 1177 1513 1204 ad

210 1210 308 1246 Magn.
330 1208 361 1244 Α,
385 1208 399 1238 1
422 1210 446 1238 O
466 1210 547 1238 fehlt.

584 1357 632 1388 30.
673 1357 718 1388 De
737 1364 777 1387 ss.
799 1356 929 1396 Georgio
951 1358 983 1388 et
1002 1356 1139 1390 Aurelio.

348 1446 394 1478 In
420 1446 450 1478 1.
477 1445 696 1486 Vesperis.

208 1522 246 1553 R.
272 1521 452 1561 Martyrum
478 1524 657 1553 sanctorum
681 1519 775 1552 flores

279 1569 375 1601 Vitae
399 1568 559 1608 spiramen
583 1567 753 1609 flagrantes

280 1615 449 1655 Georgium
474 1616 705 1648 sanctissimum

276 1663 320 1695 Et
343 1663 500 1694 illustrem
524 1663 690 1695 Aurelium

279 1711 460 1750 Poscamus‚
486 1712 523 1742 ut
545 1719 641 1751 prece
666 1712 777 1742 sancta

279 1758 400 1790 Nostra
426 1757 548 1790 diluant
573 1757 714 1799 crimina,

205 1807 244 1840 V.
273 1805 455 1845 Martyrum
478 1806 657 1845 patrocinia

275 1852 471 1885 Venerantes
495 1853 657 1886 solemnia.

393 1957 439 1985 Ad
459 1957 638 1993 Magnificat.

203 2028 242 2059 A.
270 2026 417 2058 Solemne
443 2026 556 2057 devote
580 2024 696 2057 festum

273 2073 369 2105 Plebs
395 2072 534 2104 celebret
557 2072 708 2114 fidelium,

274 2121 341 2160 Quo
366 2120 520 2160 sanguine
548 2120 696 2152 coelestia

273 2168 355 2201 Sunt
376 2167 487 2207 adepti
510 2168 632 2207 palatia

274 2215 392 2249 Christi
418 2216 541 2256 martyr
567 2214 720 2255 Georgius

269 2264 315 2297 Et
339 2261 397 2295 flos
424 2263 563 2295 candens
587 2262 748 2305 Aurelius,

270 2312 409 2351 Quorum
433 2310 526 2342 nobis
551 2310 708 2351 propitius

270 2359 319 2393 Sit
342 2359 526 2393 interventu
549 2358 714 2394 Dominus,

1026 1447 1088 1479 Ad
1112 1446 1382 1482 Matutinum.

1094 1520 1311 1549 Invitatorium.

959 1588 1040 1628 Regi
1064 1590 1217 1620 concentu
1243 1589 1357 1622 devoto

959 1635 1136 1669 Jubilemus
1161 1636 1296 1676 sidereo,

958 1683 1021 1715 Per
1045 1691 1137 1723 quem
1161 1686 1318 1724 martyres
1344 1684 1430 1717 beati

958 1729 1052 1763 Coelo
1077 1730 1180 1762 nitent
1203 1731 1347 1766 laureati.

1020 1873 1065 1905 In
1090 1873 1121 1907 1.
1147 1872 1206 1904 No
1218 1875 1379 1909 cturno.

1106 1947 1301 1984 Antiphonae.

901 2016 932 2048 1.
957 2016 1047 2047 lnter
1071 2014 1211 2047 sidereas

1005 2064 1174 2096 vernantes
1201 2064 1353 2104 sanguine
1377 2067 1497 2098 turmas

961 2110 1113 2143 Consistit
1137 2110 1241 2142 clarus

1006 2158 1104 2191 levita
1129 2156 1283 2198 Georgius
1308 2159 1419 2194 almus,

901 2218 933 2249 2.
959 2215 1023 2248 Hic
1048 2214 1182 2247 celebris
1207 2216 1390 2258 monachus,

1004 2262 1190 2295 Bethlehem
1222 2263 1250 2295 is
1275 2262 1389 2297 finibus
1413 2268 1512 2307 ortus,

957 2311 1104 2351 Expetiit
1127 2319 1247 2351 saevos,

1004 2357 1095 2391 fieret
1112 2367 1173 2399 quo
1189 2362 1321 2403 martyr,
1339 2360 1486 2396 Hiberos.
