1651 2588
355 123 400 153 In
427 121 457 153 1.
484 121 709 154 Nocturno.

431 204 625 240 Antiphouac.

240 281 269 312 1.
297 280 414 313 Praeco
439 289 568 320 magnus
595 280 634 312 de
659 280 794 312 Graecia

341 326 459 358 Missus
484 328 533 358 est
556 326 588 358 in
612 326 838 366 Burgundiam‚

291 375 377 405 Dare
399 373 489 404 nobis
515 373 664 405 eoelestia

338 419 448 459 Regna
471 428 530 459 per
553 419 789 458 poenitentiam.

231 496 262 526 2.
288 494 429 526 Fervens
454 493 612 526 desiderio

333 540 454 580 Dignus
479 539 655 572 habebatur

290 587 392 626 Fungi
416 587 604 628 sacerdotio,

336 632 423 671 Quod
449 633 686 672 exsequebatur.

227 709 257 740 3.
284 707 489 739 Documentis
514 707 625 739 nititur

333 753 473 786 Erudire
498 754 587 786 bonis

288 800 417 841 Gentes,
444 800 518 832 dum
541 801 719 841 ingreditur

335 847 478 880 Castrum
502 847 656 880 Diviouis.

228 924 258 955 4.
283 922 346 954 Sub
373 922 541 962 Polycarpi
565 923 674 963 regula

283 968 393 1001 Mente
417 968 552 1008 profecit
577 970 696 1009 sedula,

331 1016 472 1048 Tandem
500 1015 594 1048 fidem
619 1016 807 1048 catholicam

329 1062 433 1094 Docet
457 1065 489 1094 et
513 1063 729 1102 apostolicam.

226 1139 256 1169 5.
280 1137 438 1177 Agonizat

329 1192 388 1222 pro
415 1183 530 1215 Christi
557 1184 683 1216 nominc

283 1231 411 1270 Martyr
434 1231 547 1270 plenus

335 1277 440 1309 divino
465 1277 591 1319 lumine,

291 1323 388 1355 Nullo
414 1322 534 1355 fractus

337 1379 467 1409 prorsus
495 1371 685 1404 discrimine.

233 1447 263 1479 6.
291 1446 423 1478 Sanctus
448 1454 506 1484 pro
533 1445 656 1478 Christo
683 1447 834 1480 dimicans

333 1492 475 1525 Confisus
501 1494 547 1525 est
571 1493 604 1524 in
628 1493 773 1533 Domino,

287 1540 492 1579 Praeceptum
515 1539 576 1571 Dei
599 1541 787 1579 praedicans

335 1586 397 1618 Ore
422 1586 509 1625 quasi
534 1586 684 1618 tubicino.

424 1725 630 1761 Responsoria.

229 1792 259 1824 1.
285 1791 438 1824 Mundum
464 1800 578 1823 vocans

339 1838 380 1869 ad
405 1839 477 1878 agni
502 1839 669 1878 prandium

284 1885 374 1917 Hora
399 1893 513 1917 coenae

332 1931 429 1972 Deus,
453 1941 511 1963 rex
535 1934 681 1973 omnium,

286 1979 418 2011 Servum
442 1979 540 2010 mittit

333 2026 412 2057 dans
436 2025 466 2057 ei
489 2026 607 2060 socium

289 2073 437 2105 Sanctum
460 2073 677 2113 Andochium3

216 2120 254 2151 V.
283 2119 336 2152 Ad
359 2119 418 2151 hoc
443 2119 580 2152 officium

336 2166 494 2207 Benignus
516 2167 663 2207 mittitur,

286 2213 376 2245 Istud
400 2214 563 2254 negocium

333 2259 450 2293 Laetus
475 2262 664 2301 exsequitur.

751 27 983 62 -40-

910 123 941 155 2.
968 123 1100 155 Calcans
1124 131 1198 154 mun
1203 123 1273 155 dum

1013 168 1070 200 sub
1095 169 1160 201 suis
1183 169 1319 209 pedibus

968 215 1101 247 Sanctus
1125 214 1220 248 fidem

1013 262 1155 294 declarat
1177 262 1333 302 gentibus,

968 309 1064 349 Cujus
1088 309 1189 341 virtus

1011 358 1146 394 apparet
1168 355 1312 387 omnibus

967 402 1085 435 Christi
1109 401 1275 442 fidelibus3

927 474 934 481 .
964 448 1038 480 Vita
1062 448 1155 488 bona,

1008 503 1103 534 mors,
1129 494 1219 534 signa
1242 495 1333 526 varia

965 541 1068 580 Hujus
1093 540 1195 572 sancti

1013 587 1231 620 demonstrant
1254 587 1407 626 praemia.

930 669 937 676 .
963 642 1173 682 Dispensator
1196 643 1358 685 providus,

1009 689 1141 721 Inclitus
1166 689 1313 730 bellator,

964 735 1086 769 Circuit
1108 739 1145 767 ut
1168 736 1304 768 callidus

1008 782 1188 815 Nocturnus
1213 783 1358 826 circator‚

961 829 1124 862 Idolorum
1148 830 1270 870 rigidus

1007 877 1138 916 Semper
1161 877 1372 917 impugnator,

963 923 1123 955 Castit-atis
1148 922 1290 957 fervidus

1007 972 1119 1004 Custos
1143 975 1175 1002 et
1198 973 1339 1014 amator3

891 1018 928 1050 V.
956 1017 1075 1057 Verbo,
1101 1018 1168 1049 vita
1194 1018 1309 1059 docuit,

958 1064 1062 1104 Signis
1087 1064 1194 1096 mult-is
1218 1065 1334 1097 claruit

1003 1111 1126 1144 Doctus
1149 1111 1342 1150 speculator,

923 1192 934 1201 .
960 1167 1098 1198 Verbum
1123 1166 1208 1199 vitae

1009 1214 1082 1244 dum
1105 1214 1214 1253 palam
1237 1214 1388 1254 loquitur,

960 1259 1099 1300 Surgunt
1122 1261 1238 1301 hostes,

1005 1309 1127 1348 martyr
1151 1307 1357 1348 conquiritur,

958 1353 1072 1385 Stat-im
1096 1355 1220 1386 vinctus

1004 1400 1046 1433 ad
1073 1401 1184 1433 ducem
1210 1401 1347 1442 ducitur,

959 1447 1027 1480 Nec
1051 1448 1098 1480 sic
1122 1447 1335 1488 subvertitur3

920 1520 926 1526 .
956 1495 1045 1526 Inter
1069 1503 1162 1527 canes

1005 1543 1127 1581 martyr
1147 1541 1331 1582 includitur,

959 1586 1022 1619 Sed
1047 1587 1086 1619 ab
1110 1588 1174 1620 illis

1004 1643 1200 1675 nequaquam
1224 1637 1370 1669 laeditur.

1018 1720 1064 1752 In
1088 1722 1120 1753 2.
1145 1719 1372 1756 Noeturno.
1429 1765 1435 1768 -

1098 1775 1293 1811 Antiphonae.

926 1849 933 1856 .
958 1823 1089 1863 Quando
1113 1824 1228 1857 missus
1252 1824 1315 1858 fuit

1005 1873 1130 1903 sanctus
1156 1880 1226 1904 cum
1252 1873 1391 1916 canibus,

959 1917 1051 1950 Cihat
1072 1918 1163 1950 illum
1187 1920 1332 1953 Christus

1006 1974 1024 1996 e
1049 1966 1135 1998 coelo
1158 1967 1305 2005 panibus,

927 2048 933 2054 .
958 2021 1101 2061 Migrans
1125 2022 1207 2055 coeli
1230 2024 1373 2057 coetibus

1007 2069 1140 2101 Sanctus
1165 2074 1363 2111 aggregatur,

959 2115 996 2147 In
1022 2116 1115 2147 terris
1139 2117 1317 2149 hominibus

1007 2162 1077 2194 Jam
1102 2164 1330 2202 patrocinatur.

927 2244 933 2249 .
960 2216 1129 2256 Postquam
1155 2219 1241 2251 vitae
1265 2221 1404 2253 stadium

1008 2265 1100 2304 Pugil
1126 2268 1363 2308 consummavit,
