1650 2587
690 124 829 159 —97

228 221 326 254 Panis
349 221 386 254 fit
410 220 614 253 exsecrabilis

276 270 389 309 Aquae
407 270 501 310 potus
526 267 668 310 infibilis‚

225 316 356 348 Transit
378 317 412 348 in
435 315 554 356 lignum
581 317 721 350 coelitus,

188 388 196 395 .
225 363 412 396 Benedictio
438 363 563 395 stabilis

229 410 324 443 Cibos
348 419 476 443 mensae
502 411 690 443 damnabilis

272 458 451 491 Evacuavit
474 459 612 498 penitae.

193 548 201 556 .
228 524 387 564 Splendor
411 524 512 556 mirae
537 525 690 556 claritatis

274 571 394 603 Educit
417 571 574 612 topazion,

227 618 311 651 Dum
336 619 386 650 vir
410 627 549 651 summae
575 619 718 651 caritatis

276 665 437 698 Refovens
462 666 652 706 incendium,

229 713 381 745 Sanctum
405 714 439 745 in
465 713 559 745 altari

277 760 377 792 Offert
400 759 589 792 sacrificium

227 807 297 839 Deo
323 808 473 848 salutari3

175 854 197 889 ’.
230 854 401 887 Columbae
425 855 609 894 mysterium

277 902 436 934 Videntur
460 902 578 941 mirari,

230 947 314 981 Crux
338 958 396 989 per
420 948 528 979 mundi
553 948 689 988 pretium

279 996 357 1029 Cum
381 997 468 1027 lucro
493 996 624 1034 portari.

194 1085 202 1093 .
227 1059 434 1093 Multiformis
460 1061 564 1092 radiat

227 1108 386 1149 Beryllus,
411 1108 463 1147 qui
487 1108 613 1139 nuntiat

274 1155 335 1187 Dei
359 1155 506 1195 visiones,

229 1203 377 1235 Occultas
403 1202 596 1243 coelestium,

228 1251 367 1282 Futuras
392 1249 606 1290 praesentium

275 1297 398 1329 Reddit
421 1297 572 1328 rationes.

189 1370 196 1376 .
226 1344 326 1379 Novit
346 1346 467 1376 mentes
491 1344 662 1384 hominum,

227 1391 346 1423 Pandit
368 1390 514 1423 umbram
538 1391 713 1431 criminum,

276 1438 388 1479 Signat
411 1438 584 1478 passiones.

317 1552 364 1584 In
387 1552 416 1584 L
427 1560 476 1585 au
485 1551 586 1583 dibu
594 1560 620 1584 S.

342 1625 435 1662 Super
454 1625 596 1653 Psalmos.

186 1718 193 1727 .
227 1693 381 1726 Dominus
406 1701 463 1726 rex
487 1693 583 1725 istam
610 1693 735 1725 domum

272 1742 382 1774 1nduit
408 1740 564 1781 decorem,

225 1790 262 1822 In
286 1798 348 1830 qua
372 1789 453 1821 sicut
480 1788 710 1820 cinnamomum

274 1836 407 1869 Sanctus
432 1835 526 1876 Hugo
557 1835 613 1867 dat
637 1836 776 1868 odorem.

344 1920 392 1949 Ad
410 1920 594 1949 Benedictus.

151 1981 192 2014 A.
222 1979 415 2011 Benedictus
440 1978 561 2018 gloriae

270 2027 374 2059 Dator
396 2026 594 2067 metuendus,

222 2075 416 2107 Benedictus
440 2073 562 2113 gratiae

270 2122 348 2154 Dies
373 2120 571 2160 recolendus,

910 223 1052 255 Viennae
1071 221 1256 262 provinciae

960 268 1263 310 Superextollendus
1274 277 1281 309 ;

909 317 1084 349 Benedicat
1106 316 1201 348 hodie

909 365 1075 398 Praesenti
1103 362 1244 395 familiae

957 412 1052 444 Pater
1076 410 1279 443 reverendus.

980 525 1025 557 In
1050 526 1082 558 2.
1108 524 1321 563 vesperis,

1057 598 1251 633 Antiphonae.

876 689 884 697 .
910 666 1131 705 Vespertinum
1156 666 1291 706 suscipe,

957 713 1054 755 Deus,
1081 711 1269 744 sacrificium

912 760 1027 800 Patris,
1055 759 1141 798 cujus
1168 760 1263 799 adipe

959 807 1021 839 Cor
1044 806 1133 847 reple
1156 807 1371 846 psallentium.

877 888 884 896 .
910 864 964 895 Ad
988 864 1164 903 Vesperum
1187 863 1370 895 demoratur

958 911 1069 943 Fletus
1095 909 1239 949 filiorum,

911 957 975 989 Sed
998 958 1032 989 in
1056 965 1147 989 mane
1171 958 1347 996 gratulatur

958 1004 1060 1045 Hugo,
1087 1004 1239 1043 splendor
1261 1013 1391 1036 morum.

877 1084 884 1092 .
914 1060 1118 1100 vesperascit
1140 1060 1200 1091 tibi
1226 1061 1302 1101 dies,

909 1107 952 1139 Et
976 1108 1108 1139 lucescit
1131 1107 1190 1138 tibi
1213 1108 1310 1149 quies,

958 1155 1089 1186 Plenum
1113 1163 1169 1186 vas
1195 1157 1379 1197 aromatum,

957 1202 1039 1234 Pace
1064 1201 1183 1234 habens
1209 1202 1385 1234 sabbatum.

877 1286 883 1292 .
910 1259 1053 1298 Vespere
1077 1258 1165 1291 venit
1189 1258 1334 1291 columba

957 1306 1011 1338 Ad
1036 1314 1143 1337 arcam
1168 1314 1238 1337 cum
1262 1304 1439 1344 frondibus,

908 1352 1040 1384 Sacrum
1075 1361 1188 1392 corpus
1213 1353 1247 1384 in
1272 1353 1333 1384 hac
1356 1352 1466 1385 tumba

957 1401 1109 1433 Coruscat
1131 1399 1312 1433 virtutibus,

874 1481 883 1490 .
908 1456 946 1488 In
970 1457 1105 1489 Domino
1135 1456 1261 1495 sapiens

954 1505 1090 1544 Justum,
1117 1503 1200 1542 quod
1226 1503 1347 1544 dilexit,

909 1551 1111 1591 Aequitatem
1133 1548 1255 1582 faciens

954 1599 1035 1631 Oves
1056 1599 1142 1638 juste
1165 1597 1259 1637 rexit,

907 1647 1045 1678 Pascens
1070 1644 1160 1678 verbi
1185 1645 1286 1684 radio,

946 1693 1040 1726 Vitae
1057 1691 1220 1725 beneficio,

1028 1777 1074 1805 Ad
1092 1775 1271 1812 Magnificat.

868 1860 875 1868 .
907 1834 932 1867 O
958 1835 1059 1867 virtus
1085 1834 1240 1867 altissima

955 1881 1065 1914 Sancti
1087 1882 1189 1922 patris
1212 1881 1370 1924 Eugenis,

908 1929 933 1961 Ο
959 1930 1054 1962 stella
1079 1929 1254 1961 clarissima

955 1976 1106 2009 Coelestis
1130 1976 1310 2015 mansionis,

909 2024 964 2057 Ad
988 2027 1151 2056 aeternum
1174 2032 1281 2064 regem

957 2071 1038 2114 Duc,
1064 2073 1183 2112 pastor,
1210 2070 1353 2110 piissima

910 2120 1010 2151 Prece
1032 2122 1120 2150 tuum
1145 2126 1281 2158 gregem.

227 2208 313 2235 Brev.
332 2215 386 2234 ms.
398 2205 609 2234 Valentinense
622 2213 697 2232 saec.
713 2202 756 2232 15.
773 2203 843 2231 Cod.
857 2203 1025 2231 Atrebaten.
1042 2200 1115 2230 1142
1128 2200 1213 2237 (552).
1234 2216 1271 2220 -
1285 2200 1321 2230 In
1338 2202 1363 2231 1.
1377 2203 1463 2231 Noct-

152 2244 222 2280 Ι-ὶ,3
244 2244 262 2272 2
282 2245 525 2281 deprecationem.
552 2257 589 2261 —
616 2240 637 2268 R
658 2240 685 2276 2,
706 2241 723 2270 5
744 2243 953 2270 conversionis.
981 2258 1010 2262 —
1044 2242 1080 2269 In
1100 2238 1126 2266 2.
1145 2240 1231 2268 Noct·
1253 2238 1276 2266 Α
1297 2237 1324 2274 3,
1344 2239 1364 2269 4
1383 2249 1465 2268 coic-

150 2293 234 2312 nans.
255 2299 293 2304 —
314 2284 334 2310 R
356 2281 421 2318 2,1
442 2280 604 2309 sardonius.
625 2262 718 2308 -Ἰῑι
737 2278 764 2309 3
778 2280 862 2307 Noct.
883 2278 905 2306 Α
929 2278 952 2311 1,
975 2277 992 2307 3
1012 2281 1071 2307 nisi
1091 2279 1193 2315 patris.
1214 2292 1251 2297 —
1273 2276 1293 2304 R
1315 2261 1341 2313 3,
1362 2277 1380 2306 8
1400 2288 1463 2307 um-

150 2324 213 2351 bra.
238 2337 278 2341 —
301 2323 337 2350 In
356 2319 383 2348 2.
405 2320 493 2355 Vesp.
511 2317 533 2345 Α
555 2316 580 2354 2,
599 2317 617 2346 2
638 2319 844 2347 demorabitur.
872 2334 908 2338 —
935 2318 1098 2345 Zweifellos
1118 2317 1160 2343 ist
1178 2316 1240 2344 dies
1262 2316 1397 2345 Officium
1414 2326 1463 2345 ur-

150 2360 321 2397 sprfinglich
346 2357 525 2387 monastisch
549 2366 684 2393 gewesen
708 2357 768 2385 und
793 2356 839 2384 fiir
859 2356 907 2383 (lie
926 2356 1014 2383 Abtei
1040 2356 1075 2384 N.
1101 2355 1137 2382 D.
1158 2354 1193 2382 de
1212 2355 1394 2383 Bomevamx
1415 2363 1463 2392 ge-

151 2399 313 2427 schrieben.

205 2450 226 2472 D
232 2456 245 2472 r
251 2455 285 2472 ev
290 2456 303 2472 e
308 2456 320 2472 s
326 2466 332 2477 ,
348 2448 470 2473 Historiae
484 2447 639 2476 rhythmicae.
661 2447 706 2470 111.
1273 2440 1290 2468 ‘7
