1651 2588
214 209 251 243 V.
280 208 430 242 Precibus
456 218 529 249 ergo

330 256 447 287 sanctis
473 257 582 287 adesto

282 301 529 341 Calamitatibus,

329 349 440 388 quibus
465 357 643 388 gravamur.

342 442 388 473 In
414 442 444 472 2.
471 440 698 472 NocturnO.

408 505 601 540 Antiphonae.

222 562 252 594 1.
278 562 336 594 His
359 561 392 592 in
416 561 495 592 locis
521 561 593 592 dum
617 559 793 599 praedicat,

275 608 356 640 Oves
383 606 499 638 Christi
523 606 722 647 multiplicat,

275 655 323 686 Ac
347 652 537 693 perfidorum
558 653 678 684 rabiem

274 701 376 732 Fonte
400 700 510 731 salutis
536 702 655 731 enecat.

219 760 250 791 2.
275 757 343 789 Illis
368 765 480 795 nempe
503 757 535 788 in
560 756 703 796 partibus

275 804 419 835 Necdum
443 803 596 844 regnabat
621 802 770 834 Dominus

272 851 317 883 Et
340 859 397 890 per
421 848 548 882 fidelem
572 849 723 882 famulum

275 897 438 929 Laudatur
461 897 547 929 Deus
573 897 719 930 omnium,

216 956 248 987 3.
274 954 350 985 Post
373 953 524 985 virtutum
548 953 681 992 insigna.

274 1000 384 1031 Sectus
410 1001 565 1032 cervicem
589 999 741 1038 romphea

274 1047 351 1079 Cum
377 1046 497 1078 duobus
523 1046 655 1086 egregiis

275 1093 508 1125 Consummavit
531 1092 726 1132 martyrium.

215 1152 246 1183 4.
274 1149 423 1181 Gaudens
449 1149 567 1180 coelum
589 1157 662 1179 mox
679 1147 820 1188 suscipit,

273 1197 355 1235 Quos
381 1194 487 1227 furens
512 1195 611 1227 hostis
636 1194 781 1233 perculit,

273 1244 406 1276 Jactura
429 1240 491 1273 fusi
515 1241 675 1280 sanguinis

272 1290 415 1328 Regnum
438 1290 617 1320 mercantur
640 1287 776 1320 luminis.

215 1348 245 1378 5.
271 1344 389 1376 Mirum
413 1344 482 1375 visu
507 1343 729 1383 spectaculum,

273 1391 411 1431 Surgunt
435 1392 501 1423 solo
526 1392 599 1429 post
619 1390 761 1429 Jugulum

272 1438 326 1469 Ad
350 1437 485 1469 tumulos
511 1442 542 1469 et
565 1437 696 1476 propria

274 1485 375 1516 Trans
400 1483 483 1516 vada
506 1484 613 1516 ferunt
638 1483 751 1523 capita.

216 1543 247 1574 6.
275 1541 361 1574 Coeli
385 1543 510 1572 senator
535 1539 650 1579 curiae,

273 1588 380 1619 Nicasi
403 1590 527 1627 martyr
549 1585 667 1624 inclite,

273 1634 348 1666 Cum
374 1634 436 1664 tuis
460 1642 517 1665 nos
543 1632 738 1663 consortibus

272 1680 423 1719 Supernis
444 1680 541 1719 junge
568 1678 697 1711 civibus,

406 1763 611 1798 Responsoria.

217 1823 246 1854 1.
272 1820 419 1852 Assiduis
444 1820 560 1860 vigiliis

271 1869 376 1906 Atque
404 1866 596 1898 orationibus

272 1915 313 1946 Se
336 1913 468 1945 formam
492 1913 596 1953 gregis
615 1911 735 1944 faciens

270 1961 320 1993 De
343 1959 496 2000 perfidiae
521 1968 627 1991 errore

270 2008 369 2040 Filios
394 2008 494 2047 gignit.
517 2007 646 2047 gratiae,

201 2056 239 2087 V.
271 2054 458 2087 Goelestz'bus
472 2063 523 2087 eos
535 2054 718 2093 informans
719 2060 817 2092 prae-

272 2101 484 2133 diffitionibus
505 2110 564 2141 per
586 2100 734 2132 virtutem
748 2098 818 2132 Do-

268 2149 351 2179 mini
354 2173 361 2180 .

214 2206 246 2237 2.
271 2205 388 2237 Divina
410 2205 538 2236 tandem
563 2203 665 2243 pietas

271 2251 315 2283 Et
340 2251 489 2283 trinitatis
513 2252 617 2282 unitas

270 2298 441 2337 Rotomago
465 2307 524 2338 per
548 2298 652 2337 spatia

271 2344 408 2384 Linguas
434 2348 616 2376 cunctorum
640 2346 774 2383 occupat

828 112 895 148 184
942 131 989 137 -—

957 207 1002 239 Et
1024 214 1228 245 supernorum
1255 203 1369 236 civium

956 252 1096 284 Laudem
1123 253 1205 284 canit
1230 260 1291 283 vox
1316 249 1485 281 hominum.

885 301 924 332 V.
956 300 1119 332 Virtutum
1140 299 1273 339 floribus
1282 295 1506 337 praedicando

956 347 1053 378 corda
1077 346 1298 386 confirmabat.

897 403 929 436 3.
955 402 1117 434 Gloriosus
1142 410 1232 433 sacer
1257 399 1376 432 Christi

952 449 1078 480 Mactus
1101 448 1219 480 virtute
1242 446 1318 479 fidei

955 495 1090 527 Sanctae
1111 496 1212 527 crucis
1237 493 1398 533 signaculo

954 541 1087 574 Saevum
1114 542 1281 573 draconem
1307 539 1451 580 peremit,

881 589 919 621 V.
949 588 1054 620 Plebis
1078 588 1178 628 {gitur
1205 587 1305 619 saluii
1330 586 1504 631 providens

951 635 1073 675 fontem
1096 634 1181 667 vitae
1205 634 1428 667 condonando.

893 694 925 725 4.
950 692 1099 723 Exsultet
1124 692 1225 732 dignis
1250 691 1398 722 laudibus

953 739 1059 771 Omnis
1084 739 1117 769 in
1143 739 1266 771 Christo
1291 738 1428 777 populus

951 787 989 818 In
1015 784 1188 817 festivitate
1211 786 1268 823 tui,

951 833 1046 864 Pater
1070 832 1189 872 Nicasi,
1215 832 1370 871 martyrii,

880 881 919 912 V.
949 880 1046 918 Quem
1068 879 1152 911 vitiis
1177 888 1313 911 exonera

950 926 993 958 Et
1016 926 1185 958 virtutibus
1210 926 1306 966 alliga

1011 1029 1055 1060 In
1082 1030 1113 1062 3.
1139 1029 1367 1061 Nocturno.

1090 1092 1135 1120 Ad
1156 1093 1284 1120 Cantica.
1339 1113 1354 1125 .

950 1152 1026 1188 Ave,
1052 1153 1174 1191 martyr
1198 1151 1346 1190 pretiose,

950 1197 1123 1229 Coronatus
1147 1199 1179 1229 in
1205 1198 1315 1238 gloria,

946 1245 1033 1276 Audi
1058 1248 1205 1285 rogantes
1230 1244 1372 1276 servulos

945 1291 990 1323 Et
1013 1294 1143 1331 protege
1167 1301 1224 1331 per
1249 1291 1383 1323 saecula.

1082 1375 1287 1411 Responsoria.

890 1433 920 1465 1.
947 1433 1096 1465 Oratione
1120 1434 1222 1465 sancti
1246 1433 1347 1472 patris

945 1480 1086 1511 Daemon
1112 1481 1292 1520 speluncam
1319 1480 1393 1510 exiit

948 1527 991 1558 Et
1012 1535 1197 1566 prosperum
1223 1526 1400 1558 meantibus

947 1574 1008 1605 Per
1031 1572 1146 1605 fiumen
1170 1574 1233 1605 iter
1254 1574 1365 1612 patuit.

877 1619 913 1651 V.
941 1619 997 1651 Ad
1026 1628 1131 1651 vocem
1160 1621 1265 1652 sancti
1288 1620 1336 1651 vis
1360 1620 1496 1652 inimica

946 1666 1150 1710 contremuit,
1184 1666 1332 1698 scindens
1356 1666 1495 1706 lapidem

943 1713 1044 1753 fuyax
1068 1713 1206 1746 evanuit.

888 1771 919 1802 2.
945 1768 1143 1800 Venerabilis
1167 1769 1293 1801 Pientia

943 1816 1074 1848 Monitis
1099 1819 1278 1847 sanctorum

946 1863 999 1894 Ad
1026 1862 1183 1894 Christum
1208 1871 1361 1895 conversa

947 1909 1088 1948 Corpora
1112 1918 1217 1942 eorum
1244 1910 1371 1949 collegit

944 1956 989 1988 Et
1012 1957 1183 1988 honoiifice
1207 1957 1363 1996 sepelivit.

875 2004 913 2036 V.
942 2002 999 2035 Aa
1033 2004 1184 2036 honorem
1219 2004 1357 2035 Domini
1392 2006 1496 2036 wostrz'

945 2050 973 2083 J
969 2060 1023 2082 esu
1049 2049 1180 2084 Christi.

878 2108 910 2139 3.
934 2107 1081 2138 Membra
1105 2108 1224 2140 Christi
1247 2107 1403 2149 Nicasius,

944 2155 1091 2193 Quirinus
1114 2157 1146 2186 et
1169 2154 1354 2186 Scuniculus

947 2202 998 2233 Ad
1026 2202 1163 2234 tumulos
1189 2203 1272 2234 caesi
1296 2212 1354 2234 sua

946 2249 1138 2281 Detulerunt
1166 2250 1279 2289 capita⁷

880 2295 914 2327 V.
943 2295 1062 2327 Mirum
1086 2296 1178 2329 nimis
1203 2298 1418 2336 spectaculum

946 2342 1162 2376 Monstrantes
1184 2347 1259 2383 post
1282 2344 1413 2377 obitum.
