1650 2587
682 111 732 117 —
780 90 848 126 142
897 107 943 112 —-

615 184 661 216 53.
703 184 746 215 De
766 182 875 214 Tribus
896 178 1013 211 Mariis.

309 259 354 290 In
380 257 412 291 1.
437 254 652 295 Vesperis.

356 321 401 350 Ad
420 319 597 356 Magnjfieat.

203 409 209 415 .
236 381 354 420 Magna
376 377 490 417 fecisti,
515 377 659 417 Domine,

241 426 419 460 Humilitati
443 424 585 465 virginis,

238 475 352 507 Matris
376 471 435 505 filii
456 471 590 503 hominis

244 521 318 553 Sine
341 519 476 552 hominis
501 518 628 559 semine,

239 569 334 607 Cujus
358 573 483 599 sorores
507 565 658 606 geminae,

243 615 298 646 Sui
322 614 482 646 consortes
505 612 650 651 nominis,

241 661 407 693 Consortes
431 661 505 690 sunt
529 661 560 689 et
583 658 709 690 luminis

241 709 278 740 In
304 708 386 739 celso
413 706 491 737 coeli
515 705 658 738 culmine.

303 802 365 834 Ad
389 800 654 832 Matutinum.

371 865 585 893 Invitatorium.

241 924 347 957 Unum
369 922 469 955 Deum
493 922 527 952 in
550 921 694 952 trinitate

287 969 444 1002 Fideliter
469 970 633 1001 adoremus

242 1017 287 1049 Et,
310 1024 416 1048 sacras
440 1018 505 1047 tres
529 1023 653 1046 sorores

244 1063 308 1097 Sub
334 1062 473 1103 eJ‘usdem
497 1061 631 1093 nominis
654 1061 775 1092 unitate

289 1110 411 1142 Devote
435 1108 656 1140 collaudemus.

306 1214 352 1246 In
378 1212 408 1245 1.
434 1211 492 1243 No
504 1214 663 1243 cturno.

386 1276 579 1312 Antiphonae.

215 1361 222 1368 .
247 1336 369 1367 Lunam
394 1337 425 1365 et
449 1334 557 1365 stellas
583 1333 714 1364 dicimus

287 1382 368 1414 Esse
390 1384 455 1412 tres
479 1389 613 1420 sorores,

247 1431 310 1462 Per
334 1437 410 1468 quas
434 1428 585 1460 humanos
605 1426 747 1458 novimus

291 1475 450 1508 Illustrari
472 1483 585 1506 mores.

213 1567 220 1574 .
245 1542 385 1582 Sponsus
411 1541 490 1572 coeli
514 1540 575 1571 sibi
599 1539 770 1572 sacrarium

248 1589 341 1621 Fecit
371 1596 484 1627 corpus
507 1586 631 1618 Mariae
652 1585 794 1626 virginis,

248 1637 305 1669 Cui
329 1643 452 1667 sorores
478 1634 616 1672 ejusdem
641 1632 775 1664 nominis

246 1683 337 1714 Duae
366 1683 459 1713 datae
483 1682 557 1711 sunt
578 1680 612 1710 in
637 1679 792 1711 solatium.

215 1764 222 1771 .
249 1738 338 1769 Haec
361 1745 453 1768 sacra
476 1735 634 1775 generatio

296 1785 453 1818 Christum
477 1784 609 1814 noverat
633 1790 792 1824 quaerere,

246 1833 332 1871 Quae
355 1840 373 1862 a
399 1829 499 1861 crucis
523 1828 665 1868 patibulo

294 1877 466 1910 Nesciebat
490 1875 662 1907 discedere.

387 1950 591 1986 Responsoria.

217 2038 222 2044 .
248 2011 303 2042 Ad
326 2009 454 2042 laudem
477 2018 619 2040 sororum
644 2008 748 2048 trium,

296 2057 411 2096 Quibus
437 2059 485 2088 est
508 2064 620 2087 nomen
643 2055 756 2094 Maria,

250 2105 289 2137 ln
312 2104 434 2135 unitate
459 2103 600 2134 cordium

299 2151 418 2183 Vocum
439 2150 541 2189 psalle
565 2149 733 2181 concordia

299 2199 376 2231 Cum
400 2197 489 2229 suavi
514 2197 661 2233 melodia,

212 2271 218 2278 .
251 2246 353 2278 Decet
375 2253 509 2284 namque
535 2244 725 2275 consortium

250 2292 353 2325 Dulce
376 2300 519 2323 sororum
544 2292 681 2324 dulcium

297 2339 391 2372 Dulci
416 2339 477 2371 coli
499 2338 658 2372 memoria.

858 259 889 290 2.
916 258 1009 289 Felix
1033 257 1137 296 Anna,
1163 254 1273 300 felices
1298 252 1381 285 filias

916 304 1033 337 Genuit
1056 306 1122 335 tres
1138 302 1264 335 nomine
1278 299 1418 333 Marias:

914 353 1023 385 Prima
1045 351 1131 391 parit
1155 349 1324 389 Christum,

963 398 1102 430 secunda
1126 396 1341 435 Jacobumque
1366 394 1468 426 mino-

1239 451 1307 474 rem

914 493 960 525 Et
982 492 1103 532 ,Ioseph
1124 492 1245 530 justum

961 539 1089 579 peperit,
1110 547 1179 569 cum
1196 537 1323 569 Simone
1340 535 1465 574 Judam,

914 587 1023 619 Tertia
1046 586 1198 625 majorem

962 633 1115 666 Jacobum
1156 632 1378 669 volucremque
1412 629 1466 662 Jo-

1238 679 1384 710 hannem.

877 752 884 761 .
913 727 1022 760 Prima,
1044 727 1118 758 tulit

962 773 1126 806 fortiorem
1148 773 1309 804 hominum

915 822 959 854 Et
983 821 1121 853 secunda

961 869 1106 908 pulsores
1132 867 1307 899 criminum.

884 952 890 958 .
915 925 966 957 De
989 924 1132 956 Joachim
1158 925 1206 955 est
1230 922 1335 955 Maria

917 973 1053 1005 Sanctae
1075 971 1175 1010 prolis
1200 968 1350 1009 primitia,

918 1019 967 1050 De
991 1018 1132 1057 Cleopha
1155 1019 1204 1048 est
1227 1017 1292 1048 alia

917 1065 959 1097 Et
986 1065 1026 1096 de
1050 1064 1174 1096 Salome
1197 1064 1303 1101 tertia,

877 1139 884 1146 .
917 1113 1011 1143 Anna
1034 1119 1168 1150 namque
1193 1108 1348 1141 connubia

918 1159 1028 1190 Trium
1052 1158 1165 1189 sortita
1190 1159 1238 1188 est
1260 1155 1333 1187 tria.

980 1271 1025 1303 In
1051 1272 1082 1302 2.
1108 1269 1166 1301 No
1179 1271 1335 1300 cturno.

1060 1334 1255 1370 Antiphonae.

885 1417 891 1424 .
919 1393 943 1425 Ο
970 1401 1062 1432 quam
1085 1390 1347 1423 honoratissimae

966 1439 1046 1471 Sunt
1068 1439 1102 1470 in
1127 1437 1259 1470 coelesti
1285 1436 1381 1474 curia,

920 1486 1005 1525 Quae
1030 1486 1096 1525 ejus
1120 1487 1193 1516 sunt
1214 1487 1279 1515 tam
1293 1482 1469 1521 proximae,

968 1532 1026 1571 Qui
1050 1541 1146 1572 regna
1172 1532 1227 1563 dat
1251 1529 1408 1562 coelestia.

888 1616 894 1622 .
919 1588 1011 1620 Jesus
1033 1588 1128 1619 matri
1151 1595 1228 1618 suae
1250 1587 1339 1626 pium

966 1635 1066 1666 Dedit
1090 1634 1277 1673 adJ'uvamen

920 1681 982 1713 Per
1003 1690 1144 1712 sororum
1169 1680 1309 1712 felicium

969 1728 1117 1760 Sanctum
1143 1728 1353 1759 consolamen.

888 1809 895 1817 .
920 1784 982 1816 Dei
1004 1784 1175 1816 laudabilis

966 1831 1027 1863 Est
1049 1831 1137 1871 virgo
1164 1831 1286 1873 civitas,

923 1877 1019 1916 Quam
1045 1878 1235 1910 venerabilis

968 1925 1077 1957 Vallat
1099 1926 1296 1964 proximitas.

1059 2000 1264 2035 Responsoria.

891 2080 897 2087 .
923 2056 1074 2088 Mulieres
1099 2058 1216 2089 multae
1241 2059 1368 2089 secutae

969 2104 1073 2135 Erant
1096 2105 1116 2137 J
1119 2113 1204 2135 esum
1228 2114 1247 2136 a
1272 2103 1429 2137 Gallilaea

966 2151 1186 2182 Ministrantes
1212 2152 1250 2191 ei,

887 2221 894 2228 .
924 2197 1012 2228 Inter
1037 2207 1113 2237 quas
1139 2201 1207 2230 erat
1230 2198 1346 2237 Maria,

925 2244 1030 2275 Mater
1054 2244 1166 2277 Jacobi
1191 2249 1223 2277 et
1246 2244 1376 2284 Joseph,

926 2291 970 2322 Et
992 2294 1095 2323 mater
1118 2291 1255 2325 filiorum

972 2338 1140 2375 Zebedaei.
