1651 2588
718 106 976 141 —166—

335 204 378 236 Iu
405 205 436 237 2.
463 203 520 235 No
531 204 689 234 cturno.

414 267 606 304 Antiphonae.

215 329 249 360 1.
274 330 351 361 Post
374 327 522 366 precibus
547 324 680 357 fratrum

320 382 425 406 curam
450 372 576 404 subiens
601 371 785 412 animarum,

271 421 359 460 Quod
389 420 493 452 verbis
520 419 635 457 docuit,

317 466 455 499 moribus
481 465 630 498 exhibuit.

212 525 242 556 2.
268 524 321 556 Ad
346 523 467 562 signum
491 520 592 561 patris

318 569 420 600 subito
445 567 645 608 phantastica
668 565 757 597 navis

271 617 445 655 Disparens
470 614 613 653 fragilem

318 662 460 703 prodidit
485 659 647 693 artificem.

212 722 241 753 3.
269 720 331 751 Pro
356 719 441 750 vitae
463 716 585 748 meritis

317 766 432 797 electus
457 767 566 805 pastor
590 763 682 795 ovilis

267 813 312 846 Ut
335 821 432 852 grave
456 810 588 850 sumpsit
613 819 689 841 onus

315 857 497 898 pontificale
522 857 626 889 decus.

405 932 492 967 Resp‹
498 931 609 958 moria.

213 990 242 1022 1.
270 989 378 1022 Sancti
400 990 498 1020 vitam
523 988 630 1020 zelans
654 986 753 1019 hostis

313 1037 413 1068 livore
436 1034 613 1074 multiplici,

265 1084 379 1123 Igneus
402 1085 439 1114 ut
464 1083 558 1113 draeo
583 1082 650 1120 ejus

314 1138 349 1161 se
371 1129 481 1167 iuJ'ecit
505 1128 613 1167 oculis,

266 1176 330 1208 Sed
353 1177 501 1215 expulsus
525 1174 614 1214 siguo
639 1173 740 1205 crucis

312 1222 399 1254 illico
425 1221 598 1262 disparuit3

199 1270 234 1303 V.
263 1270 428 1301 Exterreri
452 1268 555 1300 forma
574 1268 656 1299 truci

314 1318 454 1348 sanctum
482 1315 612 1347 daemon
636 1314 745 1347 voluit.

209 1374 240 1406 2.
264 1372 335 1405 Lux
359 1375 486 1404 sanctae
504 1370 591 1413 fidei,

313 1420 390 1451 tuba
412 1418 501 1459 legis,
527 1426 642 1457 praeco
667 1417 787 1457 salutis,

267 1465 425 1498 Maximus
451 1466 607 1503 extemplo

314 1512 475 1552 reparavit
499 1510 616 1543 lumina
640 1519 744 1550 caeco,

201 1559 235 1591 V.
267 1559 344 1592 Cum
370 1559 470 1590 crucis
495 1558 621 1598 auxilio,

314 1606 411 1646 gessit
436 1614 527 1645 quam
554 1605 648 1637 corde
670 1603 814 1644 benigno.

209 1663 240 1695 3,
266 1662 423 1694 Virtutum
448 1661 545 1700 signis

313 1707 517 1747 resplendens
541 1709 650 1746 pastor
674 1707 783 1738 herilis

267 1754 423 1787 Reddidit
445 1754 616 1785 incolumes

314 1800 389 1833 fide1
412 1800 619 1832 medicamine
642 1801 767 1840 plures3

197 1850 235 1882 V.
267 1849 322 1881 Vir
347 1848 417 1887 pius
443 1850 473 1879 et
496 1847 581 1879 mitis

314 1895 398 1926 rivos
423 1895 545 1926 stillans
570 1894 698 1938 pietatis

268 1942 417 1981 Undique
443 1941 597 1973 debilibus

313 1988 471 2020 mellifluis
495 1988 653 2028 precihus,

326 2083 342 2114 Ι
353 2092 374 2113 11
400 2084 431 2117 3.
456 2082 514 2114 No
525 2085 685 2114 cturno.

409 2147 602 2183 Antiphonae.

212 2205 242 2237 1.
264 2206 382 2237 Forma
405 2205 508 2246 gregis
532 2204 635 2237 faetus

315 2252 495 2284 macerabat
521 2252 662 2292 corporis
686 2253 783 2292 artus,

268 2299 415 2331 Tendens
441 2299 587 2331 excubias

312 2345 411 2378 hostis
442 2347 484 2379 ad
508 2346 650 2381 insidias.

888 203 920 233 2.
947 199 1108 233 Pontificis
1131 199 1279 240 precibus

992 256 1072 287 puer
1097 247 1237 287 exsurgit
1260 247 1432 286 redivivus,

948 294 1067 334 Gloria,
1095 294 1230 333 Christe,
1256 294 1325 334 tibi,

993 350 1053 373 vox
1077 344 1205 373 resonat
1227 341 1347 381 populi.

887 398 919 429 3.
946 397 997 429 Ad
1022 397 1148 430 laudem
1172 397 1285 429 triadis

992 445 1093 475 sancti
1118 453 1190 475 caro
1215 446 1339 475 mortua
1362 444 1464 482 patris

945 489 1134 523 Defunctam
1161 491 1244 522 vitae

989 537 1129 569 restituit
1151 537 1309 577 propriae.

1078 621 1284 656 Responsoria.

889 678 917 709 1.
945 677 1008 709 Hic
1032 677 1082 709 vir
1105 677 1308 717 apostolicus,

990 725 1074 764 regis
1098 724 1242 756 coelestis
1267 725 1396 765 amicus,

944 771 1097 803 Restituit
1120 771 1270 811 propriae

992 817 1141 850 defuncta
1166 818 1323 850 cadavera
1346 818 1441 861 vitae,

875 864 912 898 V.
942 864 1073 897 Auctori
1098 865 1183 897 vitae

990 912 1063 951 quia
1094 921 1182 944 mens
1206 912 1353 945 adhaesit
1376 921 1493 945 amore.

887 970 917 1000 2.
944 968 968 1000 O
994 967 1127 999 sublime
1150 968 1213 999 viri

991 1014 1145 1054 meritum,
1165 1015 1214 1046 cui
1231 1023 1359 1047 munere
1376 1014 1495 1047 Christi

942 1061 1051 1093 Effera
1075 1062 1122 1093 vis
1148 1061 1257 1093 mortis

993 1108 1083 1140 dedit
1104 1108 1301 1140 truculentus
1326 1111 1356 1140 et
1377 1108 1495 1152 hostis3

873 1155 912 1188 V.
946 1155 1126 1187 Conteritur
1150 1163 1290 1197 serpens,

990 1205 1083 1241 paret
1105 1201 1166 1233 sibi
1188 1204 1327 1234 tartarus
1351 1202 1493 1235 horrens.

887 1259 919 1291 3.
943 1258 996 1290 Ad
1021 1259 1157 1297 patriam
1181 1261 1308 1290 sauctus

992 1304 1125 1336 Domino
1155 1305 1325 1337 miserante
1352 1308 1492 1345 vocatus,

939 1351 1000 1383 Pro
1026 1359 1119 1392 grege
1145 1353 1308 1384 commisso

990 1397 1125 1430 fundens
1150 1400 1292 1430 oramina
1316 1398 1440 1431 Christo

940 1445 1096 1476 Exsilium
1120 1445 1214 1485 liquit

990 1494 1022 1522 et
1046 1492 1125 1524 coeli
1149 1500 1246 1531 regua
1269 1492 1392 1531 petivit,

871 1538 910 1571 V.
940 1539 1023 1570 Pace
1048 1538 1123 1570 data
1146 1540 1284 1578 propriis

989 1583 1141 1616 fruiturus
1165 1593 1245 1624 pace
1267 1586 1409 1624 perenni.

1034 1688 1050 1719 I
1060 1696 1080 1720 u
1103 1687 1185 1719 Lau
1193 1687 1261 1719 dib
1271 1698 1292 1719 u
1301 1697 1326 1719 s.

1083 1753 1276 1788 Antiphonae.

886 1810 917 1842 1.
942 1810 1075 1842 Sanctus
1098 1810 1226 1850 praesul
1250 1812 1282 1842 in
1308 1819 1444 1850 superno

984 1856 1142 1889 Maximus
1166 1857 1284 1897 palatio

941 1904 1057 1943 Regem
1083 1904 1240 1937 Christum
1264 1905 1297 1936 in
1323 1905 1438 1937 decore

988 1959 1112 1990 semper
1136 1952 1254 1992 gaudet
1281 1961 1421 1985 cernere.

884 2008 915 2040 2.
942 2007 1027 2039 Pura
1051 2013 1155 2039 mente
1180 2008 1252 2047 quia
1277 2008 1345 2041 Deo

988 2054 1120 2087 servivit
1139 2054 1287 2097 fideliter,

943 2101 1054 2133 Portas
1080 2102 1148 2141 ejus
1171 2102 1306 2135 introire

988 2149 1104 2180 meruit
1130 2148 1275 2183 feliciter.

885 2204 917 2237 3.
943 2204 1006 2236 Sub
1031 2207 1165 2249 tuarum,
1192 2214 1248 2237 rex
1274 2209 1412 2248 aeterne,

990 2252 1110 2284 alarum
1135 2252 1290 2285 velamine

942 2298 1006 2330 Hie
1029 2300 1175 2339 exsultat,
1202 2301 1288 2332 coelo
1313 2303 1368 2333 tua

989 2354 1081 2385 quem
1107 2347 1247 2386 suscepit
1272 2348 1412 2381 dextera.
