1651 2588
723 94 976 130 —236—

223 194 254 227 5.
278 193 317 225 In
342 192 444 225 stadio
467 192 552 224 vitae
574 191 681 224 brevis
950 192 980 223 A
1001 190 1113 223 labore
1137 191 1298 231 quiescere

278 240 342 271 Hic
366 240 502 272 cucurrit
526 240 674 279 legitime,
950 239 988 271 In
1013 239 1205 278 sempiterna
1229 238 1348 279 requie.

277 287 321 319 Ut
345 287 487 319 bravium
511 286 695 318 immortalis
893 296 923 327 2,
950 295 1118 335 Exsequfis
1143 295 1234 334 hujus
1260 295 1361 326 sancti

278 334 379 374 Digne
403 333 504 374 POSSit
526 334 700 373 ΡΘΥΟῘΡΘΓΘ-
950 342 1136 374 Sacerdotes
1162 345 1194 373 et
1219 341 1325 374 clerici

221 391 252 422 6.
277 391 354 422 Post
377 390 534 428 expletum
558 390 643 420 vitae
667 397 789 420 cursum
948 388 1142 431 Adfuerunt,
1168 388 1351 421 coenobitae

277 437 434 476 Receptus
460 442 508 467 est
531 437 562 467 in
588 435 697 475 gloria,
950 435 994 467 Et
1017 436 1154 475 virgines
1181 438 1392 468 consecratae.

276 484 473 523 Rssgssafflffls
499 491 566 514 cum
591 482 710 521 angelis
894 493 924 525 3.
950 493 1081 531 Quidam
1107 491 1217 523 laudes
1242 491 1465 532 personabant,

276 531 337 563 Pel'
361 530 486 561 saecum
508 530 575 560 Sine
597 531 688 560 meta·
951 539 1081 578 Quidam
1108 538 1216 570 dulces
1241 537 1333 571 fletus
1360 538 1489 579 dabant,

396 602 630 638 Responsorium,
950 586 1039 624 Quod
1062 586 1095 616 in
1122 586 1207 617 coelo
1232 587 1274 617 sit,
1298 588 1453 625 receptus,

948 633 994 664 Et
1016 633 1099 672 quod
1123 632 1176 672 pie
1200 634 1241 664 sit
1266 633 1475 673 plangendus.

891 690 923 723 4.
949 688 1133 721 Benedicite
1159 689 1301 728 Domino,

949 736 1008 775 Qui
1033 736 1152 768 Silviuo
1183 736 1328 775 antistiti,

318 801 438 840 jejunia
462 801 555 840 longa
578 800 741 842 trahendo,
950 782 1036 821 Quae
1060 783 1201 823 praemia
1225 783 1409 837 promeruit,

205 848 244 879 V·
272 847 374 880 Nocte
397 847 471 886 vigi]
497 849 563 878 tota
950 831 1061 870 Aequa
1084 830 1174 861 lance
1200 830 1374 864 rehbravit.

321 894 489 925 sternendo
515 902 628 926 carnea
651 893 777 933 probra.
893 887 923 919 5-
949 886 1075 918 Laudes
1101 886 1163 925 ipsi
1190 887 1393 923 celebremus,

946 933 1004 972 Qui
1028 936 1226 973 praesentem
1252 933 1416 965 ecclesiam

334 989 379 1020 In
407 988 437 1019 3,
463 987 494 1018 N
503 996 520 1018 o
529 996 545 1018 0
553 990 567 1019 12
574 998 593 1019 u
602 998 619 1019 r
628 996 649 1017 n
659 997 687 1019 0,
949 982 1053 1019 Atque
1078 988 1145 1010 eam
1171 979 1423 1020 frequentantem

415 1052 462 1079 Ad
481 1051 610 1079 Cantica.
949 1026 997 1057 De
1022 1027 1134 1058 Silvini
1159 1030 1287 1058 sanctae
1311 1027 1423 1066 glebae

717 1109 723 1115 ¹
948 1072 1115 1104 Laetificat
1137 1073 1330 1112 praesentia.

208 1110 245 1143 A.
277 1110 342 1141 Iste
366 1111 491 1141 sanctus
515 1118 576 1140 non
602 1111 741 1149 speravit

276 1157 314 1188 In
338 1156 490 1195 pecuniae
513 1156 668 1188 thesauris

275 1203 318 1234 Et
342 1206 415 1242 post
438 1211 546 1233 aurum
571 1212 631 1234 non
656 1203 744 1243 abiit,

207 661 244 693 R.
277 661 319 692 Ut
344 660 440 692 sentit
464 659 617 700 fraudem,

325 709 481 739 versutum
508 708 640 738 conterit
662 716 792 746 anguem

276 754 411 794 Orando,
438 752 553 793 flendo,

1065 1183 1110 1210 Ad
1129 1184 1311 1212 Benedictus.

277 1249 338 1280 Sed
366 1247 497 1281 confisus
521 1250 555 1281 in
579 1249 712 1281 Domino
877 1260 917 1291 A,
946 1260 971 1291 0
997 1259 1127 1300 3111111111,
1150 1260 1202 1299 pie
1227 1263 1346 1300 pastor,

278 1295 474 1327 Germinavit
496 1299 531 1327 Ut
554 1296 655 1327 lilium
949 1307 973 1338 Ο
1000 1306 1128 1345 Silvine,
1154 1308 1281 1345 praesul
1306 1310 1426 1346 sancte,

275 1342 320 1374 Εἰ
342 1350 425 1374 nunc
447 1340 537 1373 floret
562 1343 642 1374 SiCUss
665 1343 771 1381 palma
948 1353 1006 1391 Qui
1028 1354 1092 1392 jam
1119 1361 1231 1393 regnas
1257 1362 1325 1385 cum
1350 1355 1469 1394 angelis

274 1389 343 1420 Nec
364 1389 528 1421 marcescit
549 1389 582 1420 in
607 1391 778 1430 aeternum,
948 1399 1120 1432 Coronatus
1145 1400 1177 1431 111
1202 1401 1311 1443 gloria,

275 1436 367 1475 Viget
393 1436 473 1467 enim
499 1439 571 1467 ante
594 1436 706 1468 Deum·
946 1446 996 1479 Ibi
1021 1447 1121 1478 nostri
1144 1456 1263 1479 memor
1288 1451 1364 1487 esto,

947 1493 1005 1525 Pie
1027 1496 1146 1536 pastor,
1171 1493 1270 1526 funde
1293 1503 1404 1533 preces

945 1540 994 1571 Tu
1017 1549 1076 1580 pro
1100 1540 1201 1580 nobis,
1227 1544 1262 1572 ut
1286 1542 1441 1580 possimus

945 1587 1017 1618 Illic
1041 1590 1094 1619 tuo
1119 1588 1232 1619 sociari

994 1633 1141 1673 Collegio.

394 1510 627 1543 Responszorium.

205 1556 246 1591 R,
271 1557 334 1588 Vas
357 1557 484 1589 Domini
507 1558 634 1596 plenum

323 1607 395 1643 post
425 1607 474 1635 tot
498 1604 680 1636 discrimina
703 1614 817 1645 rerum,

275 1650 320 1682 Ut
344 1654 392 1682 ter
418 1651 578 1682 decoctum

321 1698 452 1729 rutilans
477 1696 656 1729 fornacibus
679 1707 800 1738 auium,

274 1744 447 1783 Regressus
471 1744 605 1775 Morinis

323 1791 462 1822 celebrat
491 1791 676 1823 documenta
699 1791 819 1825 salutis.

204 1838 241 1869 V.
269 1838 401 1869 Missum
428 1837 467 1868 ‹le
493 1838 585 1869 caelis
1058 1847 1103 1875 Ad
1122 1849 1299 1884 Magnificat.

320 1885 434 1922 lumen,
461 1893 533 1915 casa
549 1883 666 1916 munda
682 1885 819 1916 tonantis

274 1932 405 1963 Praesul
428 1931 462 1962 in
484 1930 596 1962 officiis

323 1978 461 2010 celebrat
486 1979 673 2010 documenta
697 1978 818 2011 salutiS.

1010 1774 1054 1805 In
1077 1775 1108 1807 2.
1134 1774 1159 1806 V
1177 1775 1351 1814 esperiS.

875 1915 916 1947 A.
946 1914 1095 1956 SilvinuS,
1120 1915 1237 1948 Christi
1263 1917 1409 1960 crucifer,

942 1962 1043 1994 Annis
1067 1963 1142 1994 totis
1171 1964 1380 2004 quadraginta

946 2008 1055 2041 Herba
1080 2012 1243 2043 contentus
1268 2011 1375 2044 sobria

366 2074 412 2106 In
435 2071 519 2103 Lau
529 2072 663 2105 dibus·
947 2055 1112 2089 Tendebat
1136 2059 1238 2090 carnis
1264 2062 1448 2099 tympanum

949 2103 1000 2135 Ad
1027 2104 1117 2136 dulce
1142 2106 1246 2137 cordis
1272 2115 1432 2148 organum,

407 2135 601 2171 Antiphouae.
945 2149 1027 2182 Inde
1049 2151 1119 2183 Deo
1142 2152 1357 2186 harmonicam

218 2193 248 2226 1.
277 2193 352 2225 Cum
379 2193 544 2225 sabbatum
570 2196 612 2226 sit
634 2195 768 2235 requies,
946 2197 1087 2230 Laudum
1112 2200 1256 2233 ructabat
1281 2201 1415 2233 hostiam

274 2240 337 2271 Hic
359 2241 507 2282 migravit
530 2242 562 2273 in
587 2242 729 2282 sabbato,
946 2243 988 2275 Et
1014 2245 1163 2277 virtutum
1187 2247 1366 2282 melodiam.

279 2304 396 2341 Antiph.
421 2314 473 2332 ms.
499 2307 699 2334 Bertinianum
723 2315 797 2335 saec.
826 2305 868 2335 15.
895 2306 964 2335 God.
985 2309 1176 2338 Audomaren.
1204 2310 1267 2340 204.
1298 2326 1329 2331 —
1357 2313 1393 2340 In
1415 2314 1499 2348 jeder

202 2343 289 2371 Noct.
309 2344 349 2370 ist
366 2352 421 2371 nur
441 2345 520 2371 eines
541 2345 591 2372 cler
610 2345 674 2372 viei-
696 2342 740 2371 ΕΒ
761 2344 905 2372 metrisch.
