1650 2587
682 134 941 170 *181-

173 225 204 256 2.
230 226 269 258 1n
294 230 401 259 monte
421 230 531 260 saneto
555 228 679 262 habitat
856 233 887 266 2.
912 233 997 264 Puer
1021 230 1081 263 Dei
1105 230 1330 274 Moderannus,

227 273 273 305 Et
296 273 466 306 Dominum
491 275 647 315 glorificat
915 279 1026 312 Castus
1051 286 1176 317 semper
1201 280 1233 308 et
1256 285 1318 309 non
1343 285 1441 310 vanus

279 320 341 353 Dei
365 330 496 355 servans
519 324 679 357 mandata.
960 324 1091 357 Profieit
1113 326 1147 356 in
1171 325 1283 364 gratia.

174 378 206 410 3·
231 377 429 410 praeventus
448 380 483 411 in
505 379 642 412 infantia
857 400 888 432 3.
916 399 1017 433 claris
1042 401 1145 431 exstat
1168 398 1365 441 parentibus,

231 424 269 456 In
294 427 467 465 gratiarum
492 428 583 466 copia

913 447 977 479 Sed
1000 447 1116 478 clarior
1140 446 1309 479 virtutibus

278 472 408 505 Honore
434 477 610 507 coronatur.

961 493 1056 526 Ortus
1079 493 1115 525 in
1137 493 1315 526 Britannia.

376 547 600 613 Responsoria.·
648 606 666 613 ..
856 570 888 601 4.
915 567 1062 601 Praefert
1086 577 1156 600 eum
1180 568 1325 608 populus,

178 604 210 635 1.
236 603 321 635 Dum
344 613 425 645 pera
449 614 520 637 cum
544 607 686 646 rehquns
916 616 1061 648 omnium
1086 614 1124 647 fi‘ss
1148 616 1255 648 oculus

280 651 399 683 Ramus
424 652 522 684 mittit
545 654 651 693 alium,
962 663 1015 694 Ad
1041 666 1171 695 aeterna
1194 663 1287 697 bona.

232 699 326 730 Mora
349 699 407 730 illa
430 699 586 732 mirabilis

282 746 372 777 Patri
396 750 552 778 monstrat
575 748 756 789 hospitium,
858 739 890 771 5·
917 738 1034 770 saneta
1057 737 1118 769 Dei
1139 738 1346 791 MOdffl'amJe>

162 792 201 824 V.
233 792 375 832 Reliquit
399 794 512 826 mitrae
536 795 671 835 gratiam
960 785 985 817 P
987 783 1108 838 Pnffifex
1131 785 1375 826 Redonens¹¹¹m>

234 839 278 871 Et
300 841 458 880 regionem
480 843 644 881 propriam
915 832 1011 874 Audi,
1037 835 1130 872 pater
1153 832 1342 871 venerande,

280 887 335 919 Ad
359 888 486 920 Berceti
511 888 704 930 obsequium·
962 878 1063 910 Voces
1086 881 1118 910 te
1141 879 1347 911 laudantium.

176 944 208 975 2.
233 943 386 982 Largitur
409 952 466 975 rex
489 945 626 977 antistiti

282 990 409 1022 Berceti
434 991 638 1032 circumfluit»,
1035 980 1082 1008 Ad
1100 981 1284 1009 Benedictus.

236 1037 323 1075 Quae
345 1038 380 1069 in
404 1038 507 1070 saneti
530 1038 669 1078 Remigii
845 1047 885 1078 A.
917 1048 942 1080 o
968 1048 1114 1079 visitator
1136 1048 1316 1088 principum

281 1084 413 1116 Praesul
437 1085 534 1117 vertit
557 1087 728 1125 memoria3
963 1094 1002 1126 In
1026 1096 1194 1134 peregrina
1221 1094 1332 1135 forma,

164 1130 202 1162 V.
235 1131 304 1162 Rex
328 1133 470 1164 mortuus
497 1132 537 1164 de
561 1133 677 1164 lectulo
917 1141 1116 1174 Inhabitator
1141 1142 1266 1174 collium

237 1177 354 1221 Surgit,
380 1178 491 1211 obedit
515 1181 661 1211 continuo
965 1188 1002 1220 In
1027 1189 1203 1221 monachali
1228 1198 1347 1230 norma,

285 1224 481 1258 Confirmans
504 1227 682 1267 privilegia.
919 1235 1033 1267 Servos
1057 1238 1127 1268 tuos
1153 1236 1301 1278 eximens,

181 1283 212 1314 3.
241 1281 334 1314 Cedit
356 1282 564 1323 pontificatui,
920 1282 984 1314 Sed
1008 1283 1077 1314 Deo
1101 1284 1276 1323 suscipiens

283 1328 377 1361 Cedit
400 1330 479 1362 solio
503 1332 644 1370 propri0‚
966 1330 1004 1361 In
1029 1331 1167 1369 reglflari
1193 1331 1285 1363 Sf‘Ola-

236 1377 370 1408 Praesul
389 1375 428 1408 fit
451 1377 549 1410 abbas
571 1378 678 1419 loculi,

285 1424 396 1456 Comes
423 1424 478 1456 dat
501 1433 536 1457 se
559 1434 619 1465 pro
644 1425 761 1466 villico,

166 1470 204 1503 V.
234 1471 274 1503 In
295 1474 399 1512 patre,
423 1474 524 1511 prole,
549 1470 676 1504 flamine
993 1480 1040 1511 111
1065 1481 1097 1512 2.
1121 1482 1340 1521 vesperis,

286 1517 408 1558 Gaude,
434 1519 559 1551 Berceti
584 1520 683 1560 regio,

236 1565 353 1597 Divino
377 1567 549 1598 munimine
1037 1564 1083 1591 Ad
1101 1564 1279 1601 Magnificat.

284 1612 406 1653 Corpus
431 1614 533 1646 sancti
557 1614 590 1645 in
619 1614 747 1653 oppido.
850 1642 890 1674 A.
919 1639 1106 1680 Magnifica
1128 1641 1297 1674 Dominum

332 1708 348 1740 1
358 1718 380 1739 n
403 1707 433 1740 L
441 1717 490 1740 au
503 1708 523 1740 d
531 1708 544 1739 ᾖ
552 1708 574 1740 b
582 1718 604 1740 u
613 1717 628 1741 Β
967 1688 1158 1720 Moderanni
1182 1689 1355 1733 humilitas,

632 1735 638 1742 '
921 1736 1104 1768 Praesulem
1126 1736 1361 1769 Redonensium

382 1772 578 1810 Antiphonae.
967 1783 1065 1822 Quem
1090 1784 1157 1823 ejus
1184 1785 1299 1817 elamat
1324 1786 1445 1828 civitas,

180 1832 211 1865 1:
236 1833 364 1864 Aurora
387 1833 468 1864 lueis
492 1832 613 1873 rutilat,
920 1831 1005 1863 Dum
1030 1832 1097 1871 ejus
1120 1832 1238 1872 gaudet
1261 1834 1384 1865 animus

235 1879 280 1910 Et
302 1879 520 1912 Moderannus
544 1879 711 1919 praedicat
921 1880 1028 1918 Atque
1053 1879 1190 1911 exsultat
1215 1880 1345 1920 spiritus

284 1926 451 1966 Exemplis
480 1931 512 1959 et
537 1927 688 1959 doctrina.
968 1926 1008 1957 In
1031 1926 1102 1958 Deo
1125 1927 1269 1960 salutari.

242 2011 328 2038 Brev.
350 2020 402 2038 ms.
415 2010 587 2038 Redonense
607 2018 681 2039 saec.
704 2009 747 2039 15.
765 2010 833 2038 Coti.
847 2010 981 2038 Vatican.
997 2009 1135 2037 Ottobon.
1155 2008 1220 2038 543.
1240 2025 1277 2030 —
1295 2011 1332 2038 In
1350 2010 1374 2039 1.
1388 2012 1477 2048 Vesp-

169 2046 200 2082 Β,
222 2047 239 2076 5
260 2049 364 2077 elaris.
393 2062 430 2068 -—
450 2049 497 2076 Aa
514 2049 614 2085 Magn.
635 2047 668 2082 Α,
689 2048 705 2076 ’7
728 2048 775 2077 Sit
792 2050 837 2076 tui
855 2049 961 2084 gregis.
982 2063 1019 2068 —
1037 2048 1074 2075 In
1095 2046 1120 2075 1.
1139 2049 1224 2077 Noet.
1246 2047 1268 2076 Β
1290 2047 1315 2083 1,
1336 2047 1354 2077 3
1375 2051 1478 2078 Carnis

166 2091 310 2115 terrarum
336 2087 479 2123 originem
499 2086 589 2114 (luxit.
614 2101 652 2107 -
677 2085 698 2113 Β
722 2086 745 2120 1,
765 2085 785 2114 4
803 2087 850 2114 Ex
865 2086 1040 2114 Redonensi.
1067 2100 1105 2104 —
1128 2084 1149 2112 Β
1169 2084 1196 2120 3,
1219 2085 1234 2114 1
1257 2095 1420 2124 resurgens.
1442 2103 1477 2107 —

168 2123 189 2152 Β
210 2123 236 2159 3,
264 2124 284 2153 4
306 2133 338 2152 se
358 2124 439 2153 fehlt.
465 2141 502 2145 -—
530 2125 566 2152 In
586 2123 612 2153 2.
632 2125 715 2153 Noet.
738 2122 758 2150 Β
778 2123 805 2159 2,
833 2123 852 2153 4
874 2124 1030 2160 praefatus.
1055 2138 1092 2143 —
1119 2122 1140 2150 Β
1161 2123 1188 2159 2,
1217 2123 1234 2152 6
1255 2127 1376 2154 exuvias
1395 2126 1476 2160 fehlt,

167 2163 278 2192 Liieke.
303 2178 342 2183 ——
367 2161 388 2189 Β
409 2160 436 2196 3,
457 2171 499 2199 sq.
519 2163 675 2198 verderbt.;
697 2164 750 2191 lies
770 2163 924 2191 sanetum?
955 2177 989 2182 —
1017 2160 1038 2188 Β
1059 2159 1086 2195 3,
1106 2161 1123 2188 7
1143 2163 1197 2191 lies
1218 2163 1365 2191 foturum‘?
1393 2179 1428 2184 -—
1458 2164 1478 2191 Β

167 2201 193 2236 2,
215 2200 232 2229 5
254 2210 296 2239 sq.
317 2202 381 2229 Rex
400 2204 531 2229 mortuus
552 2202 647 2238 surgit
665 2201 701 2229 <le
720 2202 827 2229 lectulo
849 2200 949 2229 obedit
968 2202 1115 2228 continuo.
1147 2217 1152 2221 -
1170 2216 1183 2221 -
1215 2199 1235 2227 Β
1261 2200 1286 2235 3,
1307 2199 1325 2228 2
1347 2205 1376 2230 et
1393 2203 1478 2231 solio.

165 2255 204 2261 ——
232 2239 250 2266 Β
271 2240 298 2273 3,
319 2238 336 2266 7
356 2240 426 2267 lies:
452 2240 562 2267 Divino
583 2242 628 2267 est
645 2240 826 2267 munimine?
848 2255 884 2258 --
904 2239 940 2266 In
960 2236 986 2265 2.
1009 2239 1097 2274 Vesp.
1117 2239 1154 2266 acl
1172 2239 1272 2275 Mag-n.
1294 2237 1327 2274 Α,
1348 2238 1366 2268 3
1387 2240 1479 2274 Quem

167 2279 342 2316 praesulem.
363 2293 400 2298 —
419 2278 495 2305 Ibid.
515 2275 536 2306 4
553 2277 626 2313 Ejus
648 2278 783 2306 clamant.
