1651 2588
728 103 981 138 ——230—

274 199 428 230 Peccunia

318 247 445 286 plenum
469 245 635 287 accipitur,

273 292 475 332 Expenditur

321 348 396 379 pars
420 338 453 370 in
476 338 622 378 operibus

274 386 319 417 Et
341 394 416 426 pars
442 386 536 417 datur

319 432 437 466 Christi
460 431 663 472 pauperibus,

216 500 245 530 2.
271 498 373 530 Adest
396 496 569 529 Germanus
593 495 737 536 pontifex

273 545 402 576 Romam
425 552 569 585 pergens,
597 544 670 575 dum
695 543 803 583 opifex

271 592 360 624 Haec
382 589 459 622 facit
481 589 635 631 aedificia,

271 638 332 670 Sed
355 637 509 677 praesulis
533 638 685 669 instantia

269 684 340 716 Non
366 685 561 724 complentur
583 684 663 716 haec
687 684 799 724 omnia,

269 731 378 764 Donec
400 732 470 770 ipse
492 731 634 772 redierit,

270 778 416 816 Quamvis
440 777 531 817 plebs
558 778 793 810 contradixerit.

196 826 236 858 V.
266 825 481 857 Praestolatur

314 872 434 903 reditus
459 870 623 913 praesulis,

267 918 330 950 Sed
355 927 416 950 non
438 920 532 957 paret

313 965 447 997 Severus
470 964 606 1004 populis.

208 1045 238 1064 ο.
263 1031 328 1062 Res
351 1030 506 1070 miranda,

311 1077 391 1109 fides
418 1076 594 1109 exstollitur

264 1124 405 1155 Notitiae

311 1172 377 1202 viso
402 1170 562 1209 miraculo,

266 1216 495 1250 Connominant

308 1272 342 1295 se
368 1263 440 1295 dato
465 1263 581 1301 osculo,

264 1310 300 1341 In
325 1313 485 1349 stuporem

310 1356 401 1396 plebs
425 1356 536 1388 videns
562 1356 695 1397 ducitur,

192 1404 232 1436 V,
259 1403 418 1435 Divinitas

311 1450 403 1482 datur
427 1449 571 1489 cognitio,

262 1497 458 1528 Alterutrum

309 1552 378 1574 cum
403 1543 565 1575 ostenatio.

323 1666 369 1697 In
395 1666 425 1697 3.
449 1664 675 1696 Nocturno.

400 1737 593 1773 Antiphonae.

210 1805 240 1838 1,
267 1805 479 1843 Praeparatur

306 1851 409 1890 plebis
433 1852 601 1893 processio,

260 1897 305 1929 Ut
330 1897 481 1936 Stephani

307 1945 422 1976 condat
445 1945 605 1985 reliquias,

260 1990 322 2023 Sed
349 1992 430 2023 cerei

305 2038 414 2077 nequit
436 2039 590 2080 accensio,

258 2084 303 2115 Ut
323 2085 439 2117 habeat

304 2134 429 2163 sanctus
452 2133 604 2165 inducias.

201 2199 232 2229 2.
256 2196 397 2228 Tandem
424 2198 497 2229 dum
519 2198 605 2230 idem
629 2199 732 2242 iterat,

259 2243 353 2275 Plebs
379 2244 491 2276 devote
513 2254 675 2288 peragere,

259 2289 416 2332 Germani,
441 2292 494 2331 qui
519 2293 706 2333 decesserat,

257 2337 379 2377 Corpus
405 2342 526 2371 constat
551 2341 702 2372 exsistere

949 197 1092 230 Civitatis
1117 206 1195 237 prae
1220 196 1352 238 foribus,

948 245 1037 284 Quod
1064 245 1251 277 denuntians
1274 244 1418 276 omnibus

947 291 1037 331 Ipsos
1062 291 1140 323 facit
1162 292 1337 332 procedere

947 338 1081 370 Severus
1105 339 1206 371 sancti
1229 337 1350 371 funere.

914 420 921 426 .
948 394 1002 426 Sic
1027 395 1203 434 completur

991 445 1099 474 mutua
1119 441 1257 482 sponsio,

945 487 1090 520 Officium

990 535 1117 567 luminis
1142 535 1297 573 redditur,

943 582 1108 614 Ecclesiae

990 632 1022 660 et
1047 629 1204 661 dedicatio

942 676 987 707 Et
1009 676 1042 708 in
1066 675 1160 716 plebe

988 721 1068 755 fides
1094 723 1264 756 extollitur.

1077 816 1283 852 Responsoria.

907 895 914 902 .
940 872 1070 905 Duobus
1096 874 1222 914 templis
1248 873 1383 905 conditis

987 921 1113 952 tertium
1139 921 1322 961 aggreditur

940 967 1047 999 Medio
1072 969 1223 999 montium
1248 968 1338 1005 colle,

986 1022 1066 1053 quae
1089 1023 1147 1046 arx
1171 1015 1263 1054 vulgo
1291 1014 1416 1055 dicitur,

940 1060 1051 1092 Statua
1073 1063 1195 1092 tantum
1217 1063 1327 1100 erepta

984 1107 1072 1146 prius
1096 1107 1143 1138 ibi
1166 1106 1332 1147 frangitur.

898 1177 905 1183 .
935 1153 1100 1185 Trinitatis
1123 1153 1157 1185 in
1181 1154 1301 1186 honore

986 1200 1057 1231 dum
1084 1201 1232 1240 templum
1260 1201 1463 1240 construitur,

938 1247 1135 1279 Occultatum
1159 1256 1257 1287 pravo
1282 1256 1370 1279 more

985 1302 1093 1325 aurum
1119 1294 1195 1326 inde
1217 1294 1344 1334 legitur,

902 1375 909 1382 .
934 1350 1138 1382 venerandas
1164 1359 1234 1382 cum
1256 1351 1375 1382 honore

983 1396 1143 1436 Reliquias
1169 1397 1303 1429 collocat

936 1443 1099 1475 Laurentii
1126 1446 1158 1475 et
1183 1453 1290 1476 errore

984 1490 1078 1522 Pulso
1101 1489 1203 1522 Deum
1226 1490 1364 1533 invocat,

934 1537 1004 1568 Nec
1028 1538 1149 1580 mirum,
1176 1537 1202 1569 si
1227 1538 1382 1577 obsecrat,

937 1584 993 1616 Cui
1018 1584 1121 1615 locum
1147 1587 1317 1617 consecrat.

896 1657 903 1663 .
934 1631 979 1663 Ut
1002 1629 1106 1662 fidelis
1132 1632 1330 1670 dispensator

982 1677 1109 1709 Partem
1135 1678 1189 1709 dat
1212 1679 1416 1719 pauperibus,

933 1723 1038 1755 Ardet
1062 1724 1143 1755 sicut
1167 1725 1316 1757 incitator

980 1769 1113 1802 Sanctus
1136 1772 1170 1802 in
1195 1772 1393 1807 coelestibus.

901 1851 907 1859 .
933 1826 1095 1865 Supernae
1118 1829 1228 1859 matris
1253 1829 1370 1869 gaudia

982 1872 1210 1913 Repraesentet
1233 1877 1378 1916 ecclesia,

932 1919 1014 1951 Dum
1041 1919 1123 1952 festa
1148 1922 1223 1953 colit
1246 1933 1350 1956 annua

979 1967 1041 1999 Pro
1066 1971 1220 2008 perpetua
1244 1971 1345 2010 gloria

934 2013 1051 2054 Severi,
1078 2023 1170 2054 quam
1195 2016 1248 2048 hic
1270 2019 1394 2059 meruit,

928 2060 1012 2091 Dum
1037 2062 1084 2092 sic
1107 2063 1226 2103 templa
1251 2067 1433 2110 constituit3

934 2108 1044 2140 Clarus
1069 2113 1197 2141 sanctus
1220 2112 1392 2153 miraculiS,

930 2154 1120 2195 Exemplum
1145 2160 1300 2197 praebens
1325 2160 1462 2203 populis,

893 2224 900 2230 .
929 2200 1085 2241 Fugiebat

977 2248 1160 2282 daemonum
1184 2252 1266 2293 legio

932 2295 1042 2328 Immin
1047 2301 1118 2328 ente

978 2345 1078 2375 sancti
1102 2346 1245 2386 vestigio.
