1650 2587
713 134 969 171 -225—

261 231 345 258 Brev.
365 239 419 258 ms.
441 230 635 258 Cisterciense
654 230 882 264 (Molismeuse?)
901 238 975 258 saec.
995 228 1038 258 14.
1061 230 1128 258 Ood.
1150 231 1275 259 Parisin.
1298 231 1379 261 1:2‚44.
1400 233 1433 260 A.
1454 248 1492 252 -

186 267 569 305 Suppl.Antiph.Hi1arien.
579 270 648 295 anni
658 265 738 296 1632.
754 267 967 296 Cod-Hilarien
984 267 1010 296 5.
1020 270 1097 297 B.——
1107 269 1131 296 B
1143 269 1255 296 enthiilt
1264 279 1319 299 nur
1329 271 1377 298 die
1386 271 1491 298 beiden

184 306 325 342 Vespern.
347 322 383 326 --
404 306 440 333 In
456 304 479 333 1.
494 307 578 334 Noct.
594 304 616 332 Α
633 303 657 340 6,
681 304 695 332 1
710 306 821 333 nemini
837 306 962 341 erganzt.
984 321 1019 325 -
1041 305 1061 333 R
1079 305 1103 340 1,
1124 305 1140 334 9
1156 307 1269 335 Oiai-uit
1281 308 1386 336 mundo
1405 309 1434 336 Δ..
1455 325 1458 328 -

184 344 220 371 In
240 343 266 371 2.
286 344 371 371 Noet.
392 342 414 370 Α
436 342 462 377 6,
488 342 503 371 1
524 345 550 371 si
572 344 698 380 ergiinzt.
726 358 761 362 —-
790 342 813 370 Α
834 341 859 377 6,
881 341 899 369 2
919 344 1076 373 Dominum
1098 345 1224 380 ergiinzt.
1250 360 1286 364 —
1313 344 1333 372 R
1358 344 1380 372 1.
1399 345 1418 373 6
1438 356 1488 382 per

186 383 313 419 erganzt.
334 396 371 401 —
393 380 413 408 R
434 380 460 416 2,
482 380 499 409 2
513 381 664 410 Relaxatis
684 381 718 409 A.
739 395 777 400 —
796 382 832 409 111
853 378 878 409 3.
893 381 976 409 Noct.
994 380 1013 408 R
1037 381 1060 417 1,
1082 380 1099 410 2
1118 384 1269 418 porrigens
1283 384 1317 411 A.
1336 400 1344 404 -
1392 381 1412 409 R
1428 384 1453 417 2,
1472 382 1490 412 :3

185 422 267 447 tuum
292 420 419 456 erganzt.
447 434 482 439 ——
511 417 531 446 R
552 417 579 454 4,
607 418 623 446 7
644 420 719 447 Sunt
739 420 866 456 erganzt.
893 433 931 438 —-
955 420 991 448 In
1019 419 1045 447 2.
1065 421 1152 456 Vesp.
1175 421 1212 448 ad
1232 422 1329 457 Magn.
1351 419 1381 454 Α,
1409 421 1425 448 ’7
1447 430 1489 457 sq.

187 458 271 492 Quod
284 458 428 486 Robertus
449 458 650 486 sanctissimus
672 458 785 492 meruit,
806 456 952 486 Christum
966 459 999 486 B.
1020 473 1056 477 —
1076 456 1149 486 Ibid·
1164 457 1180 486 9
1197 458 1343 487 Christum
1363 460 1434 495 ignis
1455 460 1489 486 A.

638 568 684 599 85.
724 568 767 599 De
788 567 894 600 saneto
915 568 1059 600 Romano.

323 647 371 679 In
398 648 430 680 1.
457 647 676 686 Vesperis.

377 712 423 739 Ad
441 711 618 748 Magnificat.

185 769 226 801 A.
256 771 281 803 O
307 771 401 808 pater
424 770 601 812 humilium,

256 816 386 849 Medeia
409 817 635 857 languentium,

303 863 397 895 Lima
420 864 599 904 pravitatis,

253 910 450 943 Moestorum
473 911 629 952 solatium,

254 958 350 990 Fidei
374 959 579 998 praesidium,

302 1005 423 1036 Doetor
447 1005 602 1044 veritatis,

253 1050 407 1085 Transfer
429 1061 487 1084 nos
512 1052 553 1084 ad
579 1051 738 1091 gaudium,

257 1101 295 1132 In
321 1107 382 1138 quo
406 1099 467 1130 Dei
492 1098 592 1130 filium

302 1145 400 1178 Vides
427 1155 497 1177 eum
521 1145 632 1178 beatis.

315 1240 377 1272 Ad
403 1239 592 1271 Matutiu
605 1248 673 1270 um.

380 1305 596 1332 Invitatorium.

254 1364 428 1395 Aeternum
456 1362 636 1401 trinumque
660 1362 762 1393 Deum

301 1409 465 1441 laudemus
492 1412 523 1441 et
546 1418 652 1449 uuum,

252 1456 311 1496 Qui
335 1456 397 1487 sibi
421 1456 596 1489 Romanum

298 1504 478 1536 tvansvexit
503 1505 544 1536 ad
569 1503 699 1535 aethera
715 1511 805 1535 sanc-

577 1552 654 1582 tum.

311 1645 356 1676 In
385 1646 414 1679 1.
442 1646 472 1678 N
485 1648 673 1677 octurno.

387 1710 595 1747 Responsoria.

190 1770 222 1804 1.
248 1770 342 1803 Clara
366 1769 467 1809 stirpe
491 1778 529 1801 ae
550 1768 650 1807 regali

295 1819 366 1848 orta
389 1817 495 1856 proies
518 1815 641 1856 inclita,

250 1863 394 1895 Vernaus
419 1864 532 1896 mentis
557 1863 697 1902 puritate

298 1918 336 1942 ao
358 1911 513 1943 virtutum
535 1910 693 1954 lampade,

249 1958 356 1992 Fulsit
378 1958 449 1990 orbi
474 1959 562 1991 velut
584 1958 677 1989 stella

296 2005 381 2037 inter
404 2006 515 2038 mundi
540 2004 676 2045 lumina;

208 2080 216 2087 .
249 2053 344 2093 Cujus
370 2057 473 2086 ortum
498 2056 593 2094 atque
616 2061 729 2084 nomen

296 2110 358 2134 vox
383 2101 545 2142 praedixit
569 2100 698 2141 coelica,

249 2149 339 2188 Quod
364 2153 438 2190 post
461 2149 545 2182 sacri
571 2147 768 2180 confirmavit

295 2196 497 2236 baptismatis
524 2195 637 2238 gratia.

190 2257 221 2288 2.
248 2254 394 2286 Exorant
416 2254 664 2294 Rotomagenses

298 2300 403 2332 orbati
428 2301 589 2342 pontifice,

250 2349 298 2383 Ut
320 2348 483 2380 Romanus
507 2348 695 2388 subrogetur

300 2405 409 2428 eorum
431 2395 594 2434 ecclesiae,

235 2457 255 2479 D
264 2461 362 2482 rores,
376 2454 499 2478 Historiae
513 2453 667 2483 rhythmicae.
694 2454 737 2477 111.

939 648 992 680 Sic
1016 647 1190 688 pontificali
1216 649 1328 689 dignus

984 695 1171 727 sublimatur
1195 705 1303 735 apice,

867 742 906 774 V.
935 741 1061 774 Favent
1084 751 1141 774 rex
1167 745 1198 774 et
1222 743 1388 783 optimates

985 790 1034 821 his
1058 790 1272 830 petitionibus,

940 836 1019 868 Erat
1044 837 1126 869 enim
1151 837 1200 868 vir
1224 836 1385 876 perfectus

987 885 1106 915 eunctis
1132 884 1248 915 sanetis
1275 884 1423 916 moribus.

905 972 910 978 .
938 949 962 981 Ο
989 949 1153 989 praeclare
1177 950 1267 981 miles
1294 950 1411 982 Christi

987 996 1168 1027 admirandi
1192 997 1308 1037 meriti,

936 1042 1139 1074 Nasciturum
1164 1044 1297 1082 genitori

985 1098 1076 1129 quem
1100 1089 1260 1128 praedixit
1284 1090 1424 1130 angelus,

938 1135 983 1168 Ut
1006 1137 1047 1168 ad
1073 1144 1202 1175 regnum
1228 1145 1439 1179 renascamur,

985 1184 1111 1224 adjuva,
1136 1186 1332 1228 perpetuum,

899 1255 905 1262 .
937 1230 983 1262 Ut
1007 1239 1083 1270 quos
1108 1233 1195 1262 terra
1218 1231 1311 1270 eulpa
1334 1233 1450 1264 strator

984 1277 1087 1309 edidit
1109 1277 1266 1316 miseriae,

938 1324 1008 1355 Tua
1031 1332 1127 1364 prece
1152 1325 1308 1357 relevatos

982 1372 1100 1404 reddas
1126 1372 1204 1403 coeli
1229 1372 1357 1411 gloriae.

997 1513 1042 1545 In
1069 1514 1099 1544 2.
1126 1512 1183 1544 No
1196 1515 1352 1547 eturno.

1072 1597 1200 1631 Respons
1207 1604 1277 1623 ona.

900 1688 906 1695 .
933 1663 1025 1695 Felix
1050 1666 1160 1704 pastor
1184 1672 1223 1695 ae
1247 1663 1333 1695 felici

978 1711 1180 1751 praepollens
1206 1711 1386 1749 munimine,

931 1758 1105 1798 Regionem
1129 1766 1169 1789 ne
1197 1760 1344 1800 vastaret,

977 1805 1148 1846 imperavit
1168 1805 1343 1849 Sequanae,

932 1854 1019 1893 Quae
1044 1853 1149 1887 vicina
1174 1853 1351 1893 occupabat

977 1900 1168 1934 redundanti
1195 1903 1338 1941 gurgite3

890 1973 898 1981 .
930 1948 987 1980 Vir
1012 1949 1123 1981 beatus
1147 1957 1220 1980 mox
1243 1951 1279 1979 ut
1299 1947 1405 1988 J'ussit‚

979 2004 1060 2035 aqua
1084 1995 1146 2027 sibi
1170 1996 1278 2034 paruit

932 2044 982 2074 Ae
1006 2045 1110 2075 artata
1133 2042 1167 2073 in
1192 2050 1226 2073 se
1250 2051 1340 2074 suum

982 2090 1100 2122 exitum
1126 2090 1327 2128 compescuit.

902 2184 909 2190 .
935 2158 1041 2196 Prope
1066 2155 1176 2188 urbem
1201 2154 1310 2187 fanum
1335 2156 1428 2188 valde

981 2203 1102 2236 civibus
1123 2203 1357 2235 incommodum

931 2251 1082 2284 Adventu
1106 2259 1162 2282 suo
1190 2250 1347 2283 destruxit

979 2308 1072 2331 verus
1099 2298 1201 2330 cultor
1225 2297 1301 2330 fidei

933 2347 1184 2386 Circumquaque
1208 2354 1268 2377 nee
1292 2355 1356 2379 non
1375 2349 1489 2379 cuncta

982 2393 1203 2434 conquassavit
1226 2394 1330 2434 id01a;
