1650 2587
718 120 976 155 —117—

269 215 382 248 Nudus
409 215 509 247 evasit
534 215 659 248 saeculo

268 262 446 302 Tectusque
471 262 589 295 Christi
616 263 784 304 chlamyde

267 310 404 341 Luxovii
430 308 586 342 Coenobio

267 356 402 396 Regitur
427 355 497 388 Deo
521 357 677 397 principe,

233 437 241 444 .
268 412 403 451 Quidam
427 414 571 445 versutus
598 413 724 454 callide,

267 459 428 491 Ebroinus
455 460 648 503 cognomine,

267 508 378 546 Ignem
403 506 549 547 spirabat
573 508 676 539 animo

267 554 407 586 Versans
434 554 522 586 dolos
546 555 579 586 in
604 556 742 594 pectore,

270 600 385 640 Captet
409 609 466 633 ceu
490 602 583 640 lupus
609 602 749 639 vitulum,

269 648 368 687 Quem
392 650 547 680 mactaret
570 649 743 680 innoxium.

213 709 244 736 ε.
272 703 361 746 Cum,
388 712 471 746 ecce,
496 713 607 736 manns
632 705 739 737 valida

268 750 367 783 Urbis
388 751 520 783 infestat:
541 752 675 790 moenia,

271 798 400 831 Crebris
425 801 518 838 urget
542 798 724 838 assultibus,

269 845 435 878 Imbellem
457 846 556 885 septis
581 846 727 877 extrahat

278 892 443 934 Praedam,
470 901 562 932 quam
587 901 643 924 ore
667 892 804 925 sorbeat.

404 966 611 1001 Responsoria.

234 1049 241 1055 .
267 1023 364 1062 Regis
388 1023 545 1062 permissu
569 1021 713 1063 pontifex

269 1070 411 1102 Habenis
437 1069 540 1109 ruptis
566 1070 708 1101 omnibus

269 1117 382 1149 Nudus
409 1117 511 1149 evasit
534 1117 659 1148 saeculo

267 1164 447 1203 ‘rectusque
471 1164 592 1196 Christi
617 1163 783 1205 chlamyde

267 1211 403 1243 Luxovii
429 1210 578 1243 coenobio

270 1258 403 1298 Regitur
425 1258 494 1290 Deo
519 1258 683 1298 principe,

228 1330 235 1338 .
265 1305 416 1337 Fratrum
442 1307 588 1337 catervae
610 1304 724 1345 socius,

267 1351 387 1384 Abbati
410 1353 463 1391 pie
487 1351 631 1383 subditus

266 1399 381 1431 Votum
407 1400 545 1438 complet
568 1399 724 1438 operibus¹

236 1481 242 1488 .
271 1455 360 1487 Nutu
382 1454 445 1486 Dei
473 1456 544 1487 dum
570 1452 715 1494 pontifex

266 1502 321 1534 Ad
345 1501 457 1534 urbem
481 1502 567 1534 redit
590 1502 706 1540 alacer,

268 1549 369 1582 Laeta
385 1550 477 1588 plebs
494 1558 566 1580 mox
584 1558 654 1580 cum
671 1548 818 1581 laudibus

267 1596 361 1628 Locis
385 1597 525 1628 occurrit
546 1595 701 1635 omnibuS,

267 1643 394 1675 Gaudet
416 1646 547 1683 pastore
571 1643 698 1684 reduce,

266 1690 351 1723 Dum
376 1693 507 1723 revocat
531 1690 570 1722 ab
597 1690 714 1730 exsule,

229 1765 236 1771 .
269 1738 365 1778 Voce,
391 1738 490 1770 corde
511 1737 676 1777 jubiloque

266 1786 413 1827 Hymnis,
438 1785 573 1825 psalmis
597 1784 794 1822 intonabant,

268 1833 406 1866 ovantes
436 1833 510 1865 dum
535 1834 755 1872 properarent.

236 1916 243 1924 .
267 1889 405 1929 Quidam
428 1888 521 1921 ferox
544 1888 716 1928 Ebroinus,

274 1936 420 1976 Vulpinis
447 1936 565 1968 callens
590 1935 768 1976 fraudibus,

270 1983 421 2016 Sanctum
445 1983 506 2016 Dei
531 1983 618 2015 velut
641 1984 750 2015 mitem

269 2031 381 2070 Lupus
406 2039 573 2071 aggressus
596 2030 741 2073 vitulum,

270 2078 370 2110 Dolos
397 2080 514 2118 captat,
540 2080 577 2108 ut
600 2078 705 2116 rapiat

271 2125 468 2166 Captumque
491 2134 565 2158 mox
591 2123 734 2156 dilaniet.

229 2200 236 2207 .
267 2173 418 2205 Validam
443 2170 588 2204 carnifex
612 2181 739 2203 manum

268 2222 389 2261 cogens
416 2219 526 2259 dirigit
549 2219 693 2259 militum,

272 2270 301 2301 A
331 2267 432 2308 septis
458 2267 545 2299 urbis
571 2267 718 2298 extrahat

275 2317 442 2356 Praedam,
469 2323 561 2354 quam
584 2322 639 2346 ore
664 2315 800 2348 sorbeat.

1034 219 1051 251 I
1060 229 1080 251 n
1108 219 1136 251 L
1145 229 1164 252 a
1171 229 1192 251 u
1202 221 1222 253 d
1231 220 1243 252 i
1252 220 1271 252 b
1281 231 1301 252 u
1309 230 1334 253 s.

1087 294 1282 331 Antiphonae.

888 359 919 392 1.
945 360 1097 400 Martyris
1125 362 1231 394 eximii
1254 363 1328 395 dum

948 406 1081 440 Lumine
1105 409 1273 448 splendido
1298 411 1401 442 locum

949 454 1041 487 Celsa
1065 456 1181 487 lustrat
1206 457 1354 488 divinitas

947 501 1106 534 Excubias
1133 503 1211 534 dans
1236 507 1417 543 noxturnaS,

947 547 1084 580 Rumore
1109 552 1236 582 cunctos
1263 551 1378 583 celebri

947 596 1000 627 Ad
1023 596 1126 628 locum
1147 598 1237 629 duxit
1263 599 1383 633 tumuli.

890 671 921 703 2.
943 669 1070 703 Emicat
1093 671 1169 704 inde
1191 673 1336 712 protinus

889 1554 907 1585 ἓν(

948 717 1052 750 Glaris
1075 719 1164 751 locus
1187 720 1374 760 insignibus,

947 764 1057 796 Manat
1082 766 1166 798 salus
1186 766 1416 807 languentibuS‚

949 811 1105 851 Quotquot
1128 814 1282 853 gravabat
1303 815 1423 845 intimis

948 857 1071 890 Furens
1096 859 1187 892 dolor
1210 861 1245 892 in
1268 861 1403 893 ossibus.

915 956 923 963 .
948 932 1079 965 Sacrum
1106 943 1220 975 corpus
1242 935 1498 968 transferendum

946 980 1110 1013 Ansoaldo
1135 987 1220 1014 sorte
1246 983 1361 1025 (latum,

947 1027 1021 1059 Alio
1048 1028 1121 1060 dum
1145 1032 1335 1068 portaretur,

948 1074 978 1105 A
1001 1076 1117 1113 populo
1143 1077 1349 1117 constipatur,

949 1119 1080 1152 Confert
1102 1123 1257 1154 medelam
1282 1124 1439 1163 languidis

947 1166 1030 1199 Fide
1056 1169 1207 1201 contactis
1231 1171 1353 1203 loculis

914 1268 921 1275 .
947 1244 985 1275 In
1012 1252 1106 1276 curvo
1132 1244 1259 1283 quidem
1285 1254 1425 1288 corpore,

948 1290 1099 1322 Adducto
1124 1300 1205 1330 genu
1230 1293 1359 1334 vertice,

950 1336 1068 1369 Mulier
1092 1337 1165 1369 tabe
1190 1342 1374 1380 consumpta

950 1384 1014 1416 Per
1036 1386 1084 1415 tot
1108 1393 1258 1417 annorum
1281 1388 1432 1429 tempora,

951 1431 1058 1463 Sancti
1082 1432 1218 1464 adorans
1243 1432 1394 1465 feretrum

948 1477 1071 1509 Statum
1096 1479 1217 1519 recepit
1239 1481 1419 1520 pristinum.

913 1579 920 1586 .
946 1554 1071 1586 Dantur
1093 1555 1204 1587 laudes
1227 1556 1261 1588 in
1286 1557 1428 1596 excelsis,

946 1600 1067 1633 Merita
1096 1605 1213 1635 canunt
1233 1605 1393 1646 martyris,

947 1648 1089 1688 Hymnos
1115 1651 1196 1682 votis
1221 1652 1428 1691 accumulant,

947 1696 1001 1727 Ad
1025 1697 1128 1728 locum
1154 1696 1216 1729 sibi
1243 1698 1382 1730 debitum

950 1743 1026 1776 Cum
1052 1745 1212 1784 gressibus
1237 1746 1425 1786 accelerant,

947 1790 1006 1824 Uti
1032 1791 1133 1831 decet,
1158 1793 1355 1832 perveniant.

1062 1914 1107 1941 Ad
1128 1914 1296 1942 Benedictus
1305 1935 1311 1941 .

880 1982 920 2012 A.
945 1981 1048 2022 Igitur
1072 1982 1227 2021 praesulis
1248 1983 1339 2022 Jussu

949 2027 1066 2068 Magno
1091 2029 1196 2061 locata
1216 2029 1337 2061 ambitu

951 2076 1104 2109 Coelestis
1130 2077 1221 2109 aulae
1244 2075 1367 2109 fabrica

951 2123 1032 2154 Arte
1056 2121 1157 2163 fulget
1179 2123 1331 2167 mirifica3

957 2170 1095 2203 Praebet
1118 2173 1263 2203 sanetum
1285 2172 1478 2204 mausoleum

954 2217 1084 2257 Populis
1109 2218 1330 2261 patrocinium,

960 2264 1055 2304 Cujus
1079 2264 1170 2297 :nobis
1192 2266 1355 2306 juvamina

956 2312 1151 2345 Subveniant
1174 2314 1206 2345 in
1232 2315 1367 2346 saecula.
