1651 2588
747 133 791 139 --
841 113 910 148 182
958 130 1003 136 ——

577 225 623 256 68.
662 224 695 255 In
717 222 934 254 Translatione
953 228 977 251 s.
997 219 1183 251 Moderanni.

376 306 419 337 In
447 306 476 337 1.
502 303 716 342 Vesperis.

233 380 273 414 R.
302 379 384 411 Dum
409 377 596 410 Moderanni
621 378 725 408 anima

303 424 507 457 Transfertur
532 424 573 455 ad
599 423 755 462 coelestia,

303 472 366 504 Sua
389 471 529 502 membra
553 470 750 501 sanctissima

302 519 381 557 Ejus
406 518 501 549 sumit
523 516 672 557 ecclcsia3

230 566 269 597 V.
301 565 358 603 Qui
384 573 416 595 es
440 564 522 595 liber
546 572 565 594 a
588 562 721 594 vinculis

303 611 413 643 Carnis
438 617 467 642 et
492 609 611 641 cunctis
631 609 731 646 bonis,

302 658 415 689 Sancte
438 659 539 696 pater,
565 655 751 695 perfrueris,

304 705 353 737 Sis
378 713 496 735 memor
519 703 581 734 tuis
606 701 680 734 filiis

301 751 377 783 Tuis
401 749 466 782 fisis
490 749 640 789 reliquiis.

416 834 461 861 Ad
480 832 600 868 Mag-nifi
604 836 658 859 cat.

229 893 269 924 A.
298 892 346 923 Tu
371 892 542 923 translatus
566 891 693 929 praesul
719 898 831 931 comes,

301 939 359 977 Qui
383 938 415 970 in
439 938 507 970 Deo
532 946 646 977 magna
669 940 770 976 potes,

299 985 504 1025 Moderanne,
530 984 628 1015 bonos
653 992 755 1015 mores

299 1031 390 1062 Dona
415 1035 445 1063 et
471 1039 621 1062 conserva
645 1039 751 1062 omnes

346 1079 384 1110 In
407 1077 469 1110 Dei
493 1077 631 1109 servitio

361 1190 422 1222 Ad
445 1189 709 1222 Matutinum.

433 1254 645 1281 Invitatorium.

301 1311 488 1343 Laetabitur

343 1359 446 1396 Justus
470 1358 503 1389 in
528 1357 673 1389 Domino.

388 1468 405 1499 Ι
416 1479 436 1500 n
461 1469 492 1500 N
501 1478 518 1500 o
530 1471 651 1500 cturn
660 1478 687 1502 ο.

449 1532 625 1568 Antiphone..

297 1592 474 1631 Resurgent
497 1591 530 1621 in
551 1590 681 1633 Judicio,

299 1639 461 1671 ‚Iustorum
485 1638 518 1668 in
544 1636 672 1668 consilio

296 1684 484 1716 Moderanni
509 1684 670 1722 reliquiae,

298 1729 515 1764 Perfruiturae
539 1729 656 1769 requie.

435 1815 480 1841 Re
486 1814 639 1849 {ponsoria

241 1874 271 1906 1.
297 1872 512 1904 Moderannus
538 1871 720 1903 dissolvitur

295 1919 341 1951 Et
360 1919 541 1957 sepulturae
564 1918 711 1957 traditur,

297 1966 358 1997 Suo
383 1964 524 2004 perfecto
550 1972 644 2004 opere

298 2013 388 2044 Vitae
413 2015 561 2052 vergente
585 2019 726 2051 vespere.

227 2061 264 2092 V.
296 2060 332 2092 In
356 2068 421 2099 ara,
448 2069 509 2099 qua
531 2059 697 2098 libaverat,

297 2107 316 2139 J
320 2115 373 2137 esu
399 2106 522 2138 Christo
545 2106 708 2144 servierat,

339 2152 479 2185 Dextera
504 2154 683 2185 collocatur.

237 2212 269 2242 2.
296 2209 427 2241 Sanctus
452 2212 559 2241 sancto
584 2209 730 2241 Tiberius

296 2256 443 2288 Succedit
465 2258 498 2288 iu
522 2256 683 2296 regimine,

297 2303 476 2342 Subalpinis
501 2313 560 2343 pro
584 2304 708 2335 nomine

294 2350 482 2382 Moderanni
509 2351 679 2393 consocius,

909 299 946 331 V.

920 450 951 481 3.

976 298 1095 331 Urnam
1133 306 1246 330 novam
1270 296 1323 327 hic
1346 296 1528 334 praeparat,

979 345 1077 383 Quam
1101 345 1316 377 Moderanuus
1339 341 1465 382 habeat,

1024 391 1087 423 Sed
1112 391 1228 423 fruitur
1252 388 1431 420 Abundius.

977 448 1109 480 Praesul
1135 446 1291 478 Abbatem
1316 443 1496 484 praesulem

977 494 1027 526 De
1049 494 1158 526 tumba
1181 490 1334 524 transfert
1359 491 1480 530 humili,

979 541 1076 579 Quem
1099 542 1168 572 loco
1193 539 1372 571 honorabili

977 587 1099 619 Mundo
1124 586 1270 618 recondit
1293 586 1461 624 humilem,

975 634 1076 673 Hujus
1100 633 1238 665 furatum
1265 633 1398 673 digitum

977 681 1020 713 Et
1043 681 1074 713 in
1101 682 1171 712 sinu
1195 680 1415 712 absconditum

976 728 1121 760 Flamma
1144 727 1230 759 fatur
1254 728 1294 759 ad
1320 726 1508 766 praesulem.

1072 823 1118 854 In
1141 821 1366 853 Laudibus.

1120 886 1316 922 Antiphonae.

943 970 950 977 .
975 944 1131 976 Decorem
1155 945 1274 975 clarum
1298 944 1409 975 induet

1023 991 1143 1030 Corpus
1168 990 1270 1022 sancti
1296 998 1455 1028 carneum,

977 1038 1093 1069 Anima
1118 1038 1205 1076 cujus
1229 1037 1373 1076 possidet

1023 1085 1043 1116 J
1046 1093 1093 1115 am
1120 1084 1230 1115 solium
1256 1083 1425 1116 sidereum.

976 1141 1059 1172 Puer
1083 1140 1144 1172 Dei
1165 1140 1392 1178 Modemnnus,

976 1187 1087 1219 Castus
1112 1195 1236 1226 semper
1261 1190 1293 1218 et
1317 1195 1380 1218 non
1405 1194 1513 1226 vanuS,

1019 1233 1149 1266 Proficit
1174 1234 1208 1264 in
1229 1234 1341 1273 gratia.

974 1289 1075 1321 Glaris
1101 1292 1205 1321 exstat
1228 1289 1424 1329 parentibus,

973 1336 1036 1368 Sed
1062 1338 1177 1369 clarior
1198 1337 1380 1375 virtutibus,

1022 1383 1115 1415 Ortus
1140 1384 1174 1415 in
1197 1383 1375 1417 Britannia.

940 1465 947 1471 .
972 1439 1119 1471 Praefert
1145 1448 1215 1471 eum
1238 1440 1384 1480 populus,

975 1486 1118 1518 Omnium
1143 1486 1178 1518 fit
1203 1487 1311 1518 oculus

1018 1534 1072 1565 Ad
1097 1536 1226 1565 aeterna
1248 1533 1340 1565 bona.

938 1613 946 1621 .
973 1589 1088 1621 Sancte
1110 1590 1172 1620 Dei
1195 1589 1403 1628 Moderaune,

1018 1635 1166 1667 Pontifex
1190 1635 1436 1675 Redonensium,

972 1681 1068 1724 Audi,
1093 1685 1185 1721 pater
1209 1683 1398 1721 venerande,

1018 1728 1119 1760 Voces
1143 1732 1175 1759 te
1198 1728 1405 1762 laudantium.

1083 1802 1129 1829 Ad
1149 1801 1333 1830 Benedictus.

972 1859 1085 1901 Adest,
1112 1862 1204 1898 pater
1228 1861 1418 1902 venerande,

1018 1907 1121 1938 Adest
1144 1908 1199 1936 tua
1221 1908 1396 1949 translatio,

970 1953 1033 1985 Per
1055 1956 1098 1993 te,
1123 1953 1252 1992 praesul
1274 1954 1483 1994 Moderanne,

1017 1999 1118 2032 Nobis
1145 2000 1237 2031 detur
1261 2001 1406 2032 salvatio.

1036 2085 1081 2117 In
1110 2087 1141 2117 2.
1167 2085 1382 2124 Vesperis.

1096 2150 1141 2177 Ad
1160 2148 1339 2186 Mag-nificat.

970 2208 1036 2247 Quo
1060 2217 1145 2240 nunc
1168 2209 1237 2239 loco
1261 2208 1477 2240 Moderannus

1018 2254 1144 2287 Dormit
1163 2256 1209 2287 sic
1233 2256 1382 2297 suaviter,

970 2302 1030 2333 Est
1053 2302 1087 2333 in
1107 2302 1171 2334 fine
1195 2305 1393 2336 surrecturus

1022 2348 1096 2380 Cum
1123 2359 1217 2381 carne
1237 2348 1385 2382 feliciter.
