1650 2587
726 121 962 158 —23—

203 221 236 254 3.
261 220 421 252 Virtutum
447 218 547 252 fretus
571 220 709 259 tegmine

261 267 325 300 Sub
350 267 502 299 trinitatis
525 267 651 299 nomine

259 313 405 354 Fugabat
425 314 532 346 hostes
554 315 680 354 penitus

259 360 305 393 Ut
327 362 417 393 miles
442 362 686 401 imperterritus.

398 445 454 473 Res
456 447 605 481 ponsoria.

204 503 235 535 1.
262 503 349 546 Tuis,
377 506 479 544 pater,
505 503 687 543 precatibus

259 550 387 590 Adjuva
411 560 468 582 nos
493 552 525 582 in
551 551 705 593 omnibus,

259 597 307 630 Ut
329 598 406 629 laeti
428 601 514 630 sorte
537 607 692 638 prospera

261 644 471 677 Transeamus
497 646 538 677 ad
559 645 698 683 aethera,

190 692 228 724 V.
260 691 409 724 Emunda
426 701 483 724 nos
509 702 528 724 a
553 692 699 725 sordibus

260 739 457 772 Adornando
481 740 660 772 virtutibus

203 796 236 827 2.
259 796 356 827 Miles
379 795 442 828 Dei
468 796 620 828 dimicans

261 842 435 875 Indefessis
461 843 581 875 viribus

261 890 400 921 Venerat
425 890 466 921 ad
492 890 634 922 bravium

261 937 401 968 Positum
428 937 633 976 certantibus,

262 983 338 1015 Cum
364 984 526 1023 victorem,
553 985 605 1024 qui
631 987 694 1015 tam
721 983 811 1015 ferox

260 1030 378 1063 Hostes
403 1034 619 1070 superaverat,

260 1078 373 1110 Palma
396 1077 481 1109 vitae
506 1078 658 1110 decorare

257 1124 327 1156 Rex
352 1124 497 1156 eoelestis
522 1126 682 1165 properat.

188 1172 226 1203 V.
257 1171 371 1204 Jusius
404 1171 568 1204 Dominus
605 1174 632 1203 et
663 1171 811 1211 justitias

882 967 912 998 '051

938 219 1035 252 Jubet
1059 228 1129 251 eum
1154 220 1298 254 revocari

987 267 1129 300 Christus
1155 268 1195 299 ab
1222 268 1342 301 exsilio.

940 324 1057 356 Christi
1083 323 1244 357 confessor
1267 325 1353 357 illico

941 371 1040 404 Sacro
1064 375 1190 411 sumpto
1214 372 1330 404 viatico

937 419 1057 451 Laetus
1082 422 1246 459 exspectat
1270 419 1387 451 exitum

940 465 1063 498 Christo
1090 467 1310 498 commendans
1333 468 1488 507 spiritum.

905 549 912 556 .
938 522 1083 562 Angelici
1108 532 1255 562 proceres

986 578 1052 601 cum
1079 570 1225 601 laudibus
1250 570 1453 603 advenientes

941 616 1123 657 Suscipiunt
1148 618 1282 648 animam

988 664 1088 696 saneti
1112 664 1190 705 tibi,
1223 664 1357 703 Christe,
1385 664 1489 697 feren-

1265 712 1346 744 dam.

940 768 1014 800 Tibi
1039 776 1124 809 sane,
1151 768 1286 811 Dicetia‚

940 815 1002 847 Dei
1027 813 1153 846 refulsit
1176 816 1279 854 gratia

939 862 1048 894 Ditato
1074 862 1166 901 longo
1190 864 1332 902 tempore

939 909 1030 940 Beati
1055 908 1115 939 viri
1140 917 1280 948 corpore.

939 966 1082 1005 Arigium
1107 965 1226 1004 laudet,

986 1013 1039 1052 qui
1065 1012 1182 1044 Christ-i
1213 1011 1338 1043 nomine
1362 1013 1489 1051 gaudet,

938 1058 1063 1091 Lauslet
1086 1058 1245 1098 Nivernis,

985 1115 1043 1146 per
1075 1114 1164 1145 quem
1191 1106 1309 1137 sociata
1333 1107 1487 1145 supernis.

1051 1180 1096 1207 Ad
1121 1180 1302 1207 Benedictus.

260 1218 379 1259 dilexit,
400 1219 593 1258 aequitatem
609 1218 690 1250 vidit
705 1218 810 1250 vultus
867 1240 907 1271 A·
933 1239 1027 1270 Alme
1048 1241 1151 1277 pawn
1176 1239 1323 1278 Petimus,

261 1265 340 1305 ejus.

345 1381 391 1412 In
417 1379 643 1412 Laudibus,

408 1453 599 1490 Antiphonae.

203 1521 233 1552 1.
260 1521 323 1554 Ubi
351 1520 452 1553 fessus
478 1524 526 1552 est
551 1523 600 1554 vir
624 1524 751 1553 sanetus

253 1569 267 1579 ⁶
305 1568 470 1600 vetustatis
495 1570 593 1609 senio,

261 1643 346 1670 Brev.
367 1651 419 1670 ms.
440 1643 621 1671 Nivernense
641 1651 715 1671 saec
739 1642 781 1672 15.
808 1644 876 1673 Cod.
896 1643 1002 1670 Dolan.
1023 1640 1069 1670 41.
1091 1642 1125 1669 A.

987 1285 1036 1317 fer
1060 1294 1152 1324 opem
1175 1286 1267 1317 nobis
1291 1285 1468 1325 miseratus,

939 1333 1022 1365 Nam
1047 1331 1171 1364 Christo
1194 1333 1321 1371 ,iunctus

985 1381 1153 1420 palmaque
1177 1380 1257 1410 coeli
1284 1379 1452 1411 decoratus

939 1427 1107 1459 Servorum
1133 1427 1216 1466 potis
1242 1434 1274 1458 es

988 1476 1115 1505 cunctos
1139 1473 1267 1505 abolere
1292 1477 1397 1505 reatus

937 1521 980 1553 Et
1007 1522 1083 1553 dare
1107 1520 1216 1551 felices

983 1568 1095 1600 animis
1121 1576 1217 1607 super
1241 1570 1328 1599 astra
1355 1568 1485 1600 volatus.

1204 1642 1290 1670 Grad.
1311 1650 1364 1669 nm.
1385 1642 1489 1670 Niva—

186 1689 277 1708 nense
297 1682 365 1708 anni
388 1678 462 1708 1532
482 1681 552 1708 0011.
572 1682 697 1709 Parisin.
717 1680 782 1710 908.
804 1683 836 1710 Β.
857 1698 858 1701 =
882 1697 894 1699 —
907 1681 943 1708 In
960 1680 985 1708 1.
1002 1682 1084 1708 Noc-dt„
1101 1678 1122 1706 Α
1144 1697 1150 1705 1
1180 1678 1199 1707 2
1212 1681 1258 1707 Ad
1279 1687 1352 1706 orrmv
1381 1680 1490 1707 bonum

187 1720 320 1755 ergiinzt,
351 1719 390 1746 da
417 1718 544 1746 dieselbe
568 1719 671 1746 Liicke
696 1721 728 1746 in
752 1720 812 1747 AB.
837 1735 875 1739 ——
899 1720 934 1747 In
963 1717 989 1746 2.
1012 1720 1095 1747 Noet.
1119 1716 1139 1744 R
1163 1717 1191 1752 1,
1221 1716 1238 1745 2
1259 1717 1348 1745 Dedit
1374 1719 1491 1753 rfflellit

184 1757 311 1784 Vernius
331 1758 366 1785 A.
387 1772 424 1776 —
444 1757 479 1784 In
499 1757 591 1784 Laud.
613 1755 635 1782 Α
655 1755 682 1790 4,
706 1756 719 1784 1
743 1755 1203 1790 Disesia(1)eoize,Niev1·;)AB.

1278 1755 1323 1782 Ac]
1340 1756 1404 1783 Bon,
1424 1755 1455 1789 Α,
1473 1754 1488 1777 ²3

186 1797 290 1830 potens
311 1803 340 1822 es
358 1796 390 1823 Β.
412 1809 447 1813 -
468 1795 505 1822 In
524 1793 550 1822 2.
566 1796 653 1830 Vesp.
675 1794 698 1821 Α
720 1795 756 1822 ad
775 1796 873 1832 Magn.
894 1797 950 1822 wie
970 1797 1001 1822 in
1023 1795 1047 1822 1.
1062 1793 1149 1830 Vesp.

636 1898 663 1927 7.
704 1897 747 1928 De
766 1897 873 1928 sancto
894 1896 1047 1937 Auspicio.

323 1978 369 2010 In
395 1977 426 2010 1.
452 1977 671 2017 Vesperis.

376 2042 421 2070 Ad
441 2042 618 2078 Magnificat.

185 2102 226 2133 A.
253 2101 277 2133 Ο
305 2100 443 2140 Christe,
468 2101 553 2132 salus
578 2101 716 2133 omnium

256 2148 301 2180 Et
328 2151 414 2180 certa
439 2156 512 2188 spes
539 2149 745 2188 credentium,

257 2196 317 2235 Qui
343 2204 413 2228 cum
440 2194 551 2227 fideles
578 2195 697 2236 visitas,

255 2243 412 2284 Operibus
437 2242 587 2275 mirificas

254 2291 299 2323 Et
325 2292 381 2324 das
407 2291 438 2322 iu
465 2293 497 2322 te
523 2289 734 2332 sperantibus,

253 2338 300 2371 Ut
324 2341 457 2380 regnent
485 2338 518 2370 in
543 2337 742 2377 coelestibus,

254 2387 401 2419 Concede
427 2395 497 2418 eum
522 2385 687 2427 Auspicio,

941 1975 1094 2010 Pontifiee
1120 1976 1305 2014 clarissime,

937 2024 1003 2056 Nos
1032 2022 1154 2064 perfrui
1182 2022 1345 2055 consortie.

1004 2118 1065 2151 Ad
1089 2118 1353 2150 Matutinum.

1073 2183 1277 2210 Invitatorium
1282 2202 1288 2208 .

938 2242 1117 2273 Adoremus
1142 2240 1300 2273 Chiistum
1326 2249 1442 2281 regem,

986 2288 1180 2329 Angelorum
1207 2288 1376 2328 dominum,

939 2337 998 2376 Qui
1024 2338 1153 2368 coronat
1177 2336 1209 2368 in
1236 2336 1370 2368 excelsis

985 2383 1161 2424 praesulem
1186 2383 1383 2424 Auspicium.
