1650 2587
684 194 724 226 15.
758 196 801 227 De
822 197 928 228 sancto
948 197 1060 229 Blasio.

364 265 408 297 In
438 265 466 297 1.
494 265 709 304 vesperis.
907 267 944 300 V.
977 267 1020 300 Ut
1042 268 1149 299 videat
1171 266 1367 307 voluptatem
1387 267 1526 300 Domini

415 339 439 366 A
442 339 461 366 d
480 338 659 375 Magnificat.
976 316 1006 346 ct
1028 315 1132 347 visitet
1154 314 1307 355 temdum
1331 314 1409 354 ejus.

918 376 948 408 2.
975 375 1058 407 Dum
1082 378 1209 407 sanctus
1233 375 1285 406 hic
1306 375 1339 407 in
1364 384 1500 407 eremum

226 406 266 438 A·
293 404 456 460 pontificis
480 407 620 446 palmam
975 422 1019 455 Ut
1042 431 1135 455 verus
1162 425 1244 454 esset
1268 422 1409 463 Idithun,

343 452 444 484 Blasu
475 453 567 493 plebs
590 453 671 485 haec
697 453 775 485 colat
801 454 846 485 al·
974 469 1125 510 Agrestes
1151 468 1239 501 ferae
1262 470 1428 501 morbidae

621 509 703 532 mam
973 517 1118 549 Adibant
1140 516 1228 548 illum
1253 517 1403 557 undique,

296 547 403 586 Atque
426 549 575 601 precetur
599 556 670 579 eum
970 564 1053 603 Quas
1078 563 1165 603 signo
1191 564 1292 595 crucis
1317 564 1460 595 omnibus

343 593 574 634 magmficando
598 594 711 634 Dfflffl’
974 611 1115 644 Sanabat
1138 619 1158 642 a
1183 611 1353 645 doloribus

296 640 428 680 Semper
450 645 487 673 ut
505 642 667 695 ‘exsultet'
768 689 774 695 .
904 658 940 690 V.
971 658 995 690 Ο
1020 658 1101 690 mim
1123 657 1183 688 Dei
1207 657 1320 698 pietas,

343 697 413 741 ⁰¹¹,m
438 688 564 742 §bristo
591 691 721 728 spmtus
747 697 814 728 eJUS
969 705 1031 736 Per
1056 713 1148 745 quam
1172 705 1309 736 mitescit
1333 704 1444 737 ferit-as

296 735 463 768 GoehCOhS
485 738 624 775 Junoms’
971 751 1015 783 Et
1037 751 1114 784 feris
1141 752 1234 783 datur
1259 752 1389 785 sanitas

341 791 418 822 quos
443 783 522 815 visio
547 782 692 816 confovet
718 783 795 823 ejus.
1051 814 1057 820 ,
1363 813 1370 820 ,

915 814 945 846 3.
972 814 1116 846 Pretiose
1138 815 1259 853 martyr
1283 813 1382 853 Blasi,

970 860 1085 892 Servos
1109 863 1179 891 tuos
1203 869 1260 891 nos
1286 860 1411 900 exaudi,

350 914 412 946 Ad
436 915 708 948 Matutinum⁸
969 908 1040 940 Tua
1063 915 1158 947 prece
1182 907 1268 946 apud
1294 907 1453 939 Christum

969 954 1192 986 Commendato
1217 954 1345 986 chorum
1368 955 1472 990 istum,

419 989 633 1016 Invitatorium.
898 1000 935 1033 V.
965 1001 1004 1034 St
1035 1002 1107 1041 quis
1137 1000 1222 1032 em'm
1246 1001 1311 1032 Dei
1334 1002 1433 1034 cultor
1459 1004 1512 1041 est,

289 1054 443 1094 Martyris
467 1055 578 1087 invicti
967 1048 1052 1081 hum:
1076 1048 1178 1087 audit,
1200 1048 1272 1079 ideo
1289 1050 1318 1080 te
1327 1058 1515 1088 precamur.

335 1100 451 1133 festum
475 1103 614 1134 solemne
639 1103 777 1134 colentes

291 1149 467 1181 Psallamus
494 1149 629 1193 Christo,

333 1204 423 1235 quem
455 1196 566 1228 laudat
591 1196 725 1228 coelicus
750 1198 837 1230 ordo.
1030 1180 1078 1212 In
1101 1181 1133 1214 2·
1160 1179 1387 1214 NOCturno·

1111 1244 1306 1280 Antiphonae.

908 1304 939 1336 1.
967 1303 1110 1336 Culmine
1133 1302 1184 1334 vir
1208 1303 1311 1334 clarus

1013 1352 1181 1390 provectus
1206 1349 1408 1389 pontificatus

428 1393 624 1429 Antiphonae.
966 1397 1129 1429 Gliscebat
1152 1395 1281 1428 Domini

227 1460 257 1492 1.
284 1460 373 1492 Inter
398 1459 615 1500 Christicolas,
1010 1454 1073 1476 non
1097 1453 1154 1476 sua
1176 1444 1266 1475 lucra
1289 1445 1387 1484 seqni-

332 1515 409 1546 quos
441 1507 517 1538 urbs
544 1507 692 1540 Sebastes
719 1508 836 1549 alebat,
899 1505 918 1537 2
933 1530 940 1537 .
966 1505 1110 1537 Moribus
1134 1506 1262 1536 ornatus

284 1554 431 1586 Eximius
455 1556 577 1594 martyr
1008 1555 1078 1584 erat
1105 1551 1248 1583 omnibus
1272 1552 1378 1584 omnia
1401 1550 1515 1595 factus,

334 1601 460 1633 Blasius
486 1602 623 1634 emicuit.
963 1600 1063 1631 Laeto
1090 1600 1289 1639 congaudens

226 1658 257 1689 2,
282 1657 386 1689 Corde
410 1658 517 1689 colens
544 1658 638 1698 digno
1011 1654 1142 1687 cumque
1167 1646 1294 1678 dolente
1319 1647 1438 1680 dolens.

329 1704 499 1737 Dominum
512 1703 832 1748 ferensquebenignO,
906 1709 936 1740 3.
962 1708 1106 1740 Antistes
1131 1708 1246 1750 claruS,

349 1319 397 1351 In
424 1319 453 1352 1.
480 1319 707 1353 Nocturno.

287 1751 397 1784 Cultor
421 1753 564 1785 mandati
1012 1755 1118 1788 divino
1143 1753 1269 1787 flamine
1293 1756 1417 1797 plenus,

328 1808 422 1831 verus
448 1802 518 1832 erat
540 1800 678 1834 Domini.
963 1803 1078 1843 Aegris
1104 1805 1244 1842 optatam

229 1857 259 1889 3.
286 1856 452 1889 Neumatis
478 1865 553 1897 ergo
578 1857 662 1889 sacri
1012 1858 1107 1891 saepe
1132 1848 1257 1882 ferebaf'
1281 1859 1381 1890 Opem-

328 1906 460 1944 septeno
485 1913 615 1936 munere
640 1903 741 1936 fretus

278 1951 467 1984 Praeficitur
490 1952 610 1984 cunctis
1100 1943 1308 1979 Responsoria.

328 1999 440 2031 ordine
464 1999 634 2039 pontificis.
903 2001 933 2034 1.
959 2001 1043 2033 Dum
1069 2001 1232 2041 cujusdam
1254 2002 1395 2033 mulieris

589 2086 596 2092 .
1004 2048 1111 2081 infans
1135 2049 1256 2088 piscem
1279 2050 1399 2089 ederet,

417 2085 627 2121 Responsorm.
959 2095 1058 2136 Spina
1082 2096 1179 2136 piscis
1205 2095 1268 2128 fixa
1292 2096 1395 2128 haesit

222 2143 249 2176 1.
275 2142 437 2175 Festivam
464 2144 547 2175 diem
570 2144 681 2187 Blasii,
1007 2143 1200 2176 comedentis
1225 2144 1344 2184 gutturi

279 2190 442 2223 Praeclari
466 2190 584 2224 Christi
608 2192 770 2235 martyris,
958 2190 1097 2231 Moxque
1121 2193 1248 2224 sanctus
1275 2192 1380 2232 gulam
1404 2192 1506 2232 tangit

279 2237 411 2270 Festivo
436 2238 501 2270 ritu
526 2239 651 2279 gaudiis
960 2237 1056 2278 Signo
1081 2238 1185 2271 crucis

280 2285 515 2325 Prosequamur
536 2288 567 2317 et
591 2286 733 2328 canticis,
1007 2288 1038 2317 et
1063 2286 1189 2319 sanavit
1213 2295 1360 2327 puerum.

277 2332 345 2371 Qua
370 2333 529 2365 laureatus
554 2334 706 2374 sanguine
889 2333 926 2366 V.
956 2333 1052 2366 Misit
1075 2342 1213 2366 manum
1236 2343 1333 2367 suam
1358 2337 1386 2367 et
1412 2335 1517 2379 tetigit

276 2380 394 2421 Regem
421 2381 525 2414 adivit
550 2382 681 2422 gloriae.
960 2390 994 2414 os
1014 2381 1093 2421 ejus.
