1650 2587
700 110 928 144 —20—

375 205 578 240 Responsoria.

184 272 214 304 1.
240 273 376 311 Propter
400 270 615 302 intolerabiles

234 319 351 350 Rerum
377 326 481 349 curam
506 317 744 357 mundanarum,

232 365 413 397 Reeusabat
436 364 649 404 praesulatum

236 412 401 451 Suscipere
424 410 719 450 Mediolanensium,

234 459 297 490 Sed
323 459 424 490 victus
448 466 542 497 prece
567 457 677 497 populi

232 506 346 545 Jugum
371 505 511 544 suscepit
534 503 678 543 Doniin33

197 578 203 585 .
230 550 299 585 Nee
322 552 396 592 fecit
412 551 564 591 proximo
583 560 640 582 suo
659 550 783 582 malum

236 601 263 630 et
278 598 486 639 opprobrium
503 607 571 629 own
588 597 708 637 aceepit
724 597 781 628 ad-

234 654 340 677 versus
362 644 526 684 proximos
547 652 631 675 suos.

200 744 208 751 .
234 720 381 751 Directus
400 720 447 749 est
471 719 520 750 vir
545 719 670 750 inclitus

234 767 459 805 Mediolanum,

236 813 281 845 Ut
306 814 416 845 Arium
445 812 631 854 destrueret,

236 859 394 899 Splendor
420 859 581 898 ecclesiae,

234 906 367 938 Claritas
393 908 508 945 vatum,

236 952 358 984 Infulas
385 952 456 984 dum
482 953 563 992 gerit
587 952 704 983 saeculi

235 999 412 1039 Aequisivit
435 999 587 1038 paradisi.

192 1071 200 1078 .
229 1046 363 1078 Dictum
394 1045 478 1077 enim
510 1046 617 1085 fuerat
633 1046 782 1086 proficis-

234 1093 335 1125 centi:
361 1093 448 1131 vade,
474 1102 533 1133 aye
548 1102 615 1125 mm
631 1095 669 1124 ut
681 1092 783 1132 judex

228 1140 284 1171 secl
307 1143 342 1172 ut
366 1139 539 1180 episeopus.

323 1300 366 1331 In
391 1298 617 1332 Laudibus

381 1382 484 1417 Antiph
489 1390 569 1409 onae.

180 1459 211 1492 1.
238 1458 314 1490 Cum
341 1458 480 1490 audisset
505 1459 655 1498 populum

282 1506 412 1537 multum
438 1508 682 1536 murmurantem

911 206 1076 238 Volentem
1101 207 1282 246 episcopum

960 261 997 284 ac
1020 253 1095 285 inde
1120 254 1315 292 clamantem,

912 299 1085 339 Vitansque
1108 300 1282 340 periculum

958 347 1100 385 perrexit
1122 350 1262 380 ovanter.

854 403 885 435 2.
910 402 1074 442 Ingressus
1100 403 1274 445 ecclesiam,

955 453 991 480 ut
1012 449 1198 481 seditionem

907 495 1053 527 Moveret
1079 496 1118 527 de
1141 496 1258 535 populo

955 542 1016 573 sibi
1040 542 1280 584 incumbentem,

910 588 1070 620 Olamatur
1094 597 1113 619 a
1136 597 1255 627 puero:

955 635 1105 666 habemus
1130 637 1300 674 regentem.

875 716 882 723 .
908 690 1095 722 Ambrosius
1120 693 1264 722 strenuus

957 738 1018 768 erit
1040 739 1148 769 noster
1171 741 1276 769 rector

908 784 1041 824 Eritque
1066 784 1231 823 episcopus

956 834 1124 871 nosterque
1150 830 1298 863 defensor

909 878 1084 910 Mediolani
1107 878 1217 917 populi

955 933 1109 964 verusque
1132 927 1304 964 protector.

876 1008 882 1014 .
909 981 962 1013 Ad
987 981 1069 1012 hanc
1093 989 1201 1012 vocem
1226 981 1361 1021 populus

955 1028 1203 1059 Mediolanensis

910 1075 1065 1114 Stetitque
1088 1074 1276 1114 perterritus

955 1124 1084 1161 stupore
1109 1121 1293 1159 vehementi,

909 1169 985 1201 Cum
1010 1169 1124 1200 clamat
1146 1168 1296 1207 puerulus

957 1215 1094 1247 clamore
1116 1215 1245 1254 ingenti.

875 1298 881 1303 .
908 1271 1046 1304 Cernunt
1068 1280 1126 1310 per
1151 1271 1315 1302 eeclesiam

955 1327 1029 1349 cura
1055 1318 1206 1358 diligenti,

907 1365 1054 1398 Invenire
1077 1364 1289 1405 Ambrosium,

955 1413 1087 1452 ipsoque
1111 1412 1224 1443 latenti

907 1458 1077 1490 Nuntiatur
1100 1459 1241 1498 praesuli

954 1506 1038 1537 salus
1062 1514 1138 1537 suae
1161 1506 1273 1545 gentis.

237 1570 313 1597 Brev
327 1571 354 1597 1⁴¹-
366 1569 528 1604 *rojuliense
547 1571 615 1605 imp.
630 1571 754 1597 Taurini
776 1568 856 1597 1495.
878 1585 914 1589 —
931 1571 996 1597 Alle
1016 1570 1190 1597 vorstehend
1208 1570 1362 1598 fehlenden
1374 1571 1458 1599 Teile

165 1608 325 1642 prosaisch.

638 1698 664 1729 5.
705 1696 748 1729 De
769 1698 875 1729 sancto
896 1698 986 1738 Apro.

294 1769 341 1799 In
369 1770 398 1800 2.
426 1766 652 1800 Nocturno.

368 1833 574 1867 Responsorta.

179 1890 209 1922 1.
237 1889 370 1921 Sanetus
394 1890 483 1928 Aper
504 1890 684 1932 jeiunando,

234 1936 271 1968 In
294 1937 409 1977 vigiliis
434 1937 564 1975 orando,

234 1983 411 2015 Laboribus
434 1983 611 2014 insudando

283 2030 425 2063 Gratiam
450 2029 595 2071 obtinuit,

233 2078 354 2118 Quique
377 2076 472 2108 fidem
496 2076 719 2119 praedicando,

235 2124 404 2157 Caritatem
430 2124 640 2163 amplexando

233 2172 278 2203 Et
302 2172 434 2203 virtutos
460 2171 619 2210 operando

235 2219 279 2250 Et
302 2219 335 2249 in
360 2219 409 2249 his
433 2218 665 2257 perseverando

281 2265 423 2297 Gloriam
448 2265 622 2304 promeruit

163 2312 200 2345 V.
230 2313 274 2345 Et
301 2313 383 2343 mala
408 2311 555 2343 sustinuit

281 2369 372 2400 quam
389 2359 535 2399 plurima,
560 2358 778 2394 mortificando

909 1816 1052 1855 Carnem,
1079 1825 1172 1855 quam
1196 1817 1319 1849 animae

953 1862 1021 1893 vult
1045 1863 1159 1902 subJ'ici
1183 1864 1353 1904 vigilando.

850 1939 880 1970 2.
908 1938 1041 1970 Sanctus
1066 1939 1165 1979 Aper,
1191 1940 1277 1971 vitae
1301 1940 1361 1980 via,

906 1985 1014 2024 Elegit
1038 1986 1146 2017 mundi
1173 1986 1287 2025 dulcia,

906 2032 952 2064 Ut
969 2031 1176 2064 confunderet
1200 2033 1308 2073 fortia,

905 2079 1070 2120 Mundum,
1099 2089 1235 2122 carnem,
1264 2082 1432 2115 daemonia

952 2126 1051 2168 Vicit,
1076 2127 1159 2159 sicut
1183 2129 1308 2171 legitur,

907 2173 979 2204 Non
1004 2174 1071 2205 sine
1097 2175 1291 2206 continentia

906 2219 975 2250 Nec
999 2221 1067 2251 sine
1091 2222 1247 2260 patientia

905 2267 1009 2305 Atque
1033 2269 1280 2308 perseverantia,

904 2313 982 2344 Tam
1004 2313 1148 2353 perfecta
1169 2315 1304 2347 victoria

952 2360 1033 2392 Esse
1057 2360 1142 2394 facta
1167 2362 1319 2406 creditur,
