1651 2588
760 127 1013 163 -194—

250 228 284 260 3.
309 226 467 267 Lemigae‚
492 225 677 267 Regnarice,

355 283 432 313 quos
456 272 638 311 Pardulpho
662 271 806 311 rapuisti,

306 330 328 349 θ(-
353 330 374 348 -x-
400 329 421 348 κ
446 330 467 348 κ-
493 318 585 350 finem

354 365 482 396 sceleris
492 368 686 403 mortemque
693 363 856 395 dedissent

306 412 555 443 Intercludentes

353 457 470 497 fauces,
484 458 675 490 stomachum
688 456 852 496 fugientes,

237 505 276 537 V.
305 505 347 537 Ni
370 513 429 544 per
451 505 551 544 patris
576 512 666 543 opem

353 551 442 590 rejici
465 551 592 583 tandem
617 550 802 589 potuissent.

364 682 410 713 111
435 683 466 714 2.
492 679 550 712 No
562 684 630 711 ctu
644 690 727 713 rno.

447 753 641 789 Antiphonae.

253 821 284 854 1.
310 820 433 859 Nempe
456 820 557 852 Deum
582 829 712 852 cernens

357 869 388 898 et
419 867 528 899 mundi
554 868 669 907 gaudia
693 876 855 907 spernens,

311 914 457 946 Exclusit
476 917 618 954 mortem,

354 961 436 992 vitae
460 961 600 992 servavit
621 969 768 992 amorem.

252 1019 283 1050 2.
309 1017 391 1048 Nam
412 1016 531 1056 placuit
557 1016 709 1058 Christus,

355 1071 448 1095 verus
473 1062 628 1094 thalamus
652 1063 692 1094 ab
716 1063 812 1102 intus,

310 1110 454 1148 Dumque
478 1110 575 1141 corda
599 1111 753 1148 premunt,

357 1156 477 1195 species
502 1155 610 1187 mundi
633 1156 801 1189 latuerunt.

254 1213 285 1244 3.
310 1213 487 1251 Aegrorum
508 1211 647 1243 medicus

359 1258 487 1297 pietatis
513 1257 586 1289 dum
610 1256 647 1289 fit
670 1258 797 1300 amicus,

310 1304 435 1336 Enituit
458 1304 565 1344 signis,

358 1350 427 1390 quis
451 1351 484 1382 in
507 1350 563 1382 illo
588 1350 710 1382 viveret
732 1351 823 1391 ignis.

447 1444 576 1478 Respons
582 1443 652 1470 oria.

255 1502 286 1534 1.
312 1501 487 1541 Aegrorum
510 1500 649 1531 medicus

357 1547 483 1586 pietatis
510 1547 583 1578 dum
606 1545 644 1578 fit
667 1548 794 1587 amicus,

311 1594 435 1626 Enituit
458 1594 564 1633 signis,

357 1640 426 1680 quis
449 1641 482 1671 in
506 1639 562 1672 illo
587 1640 709 1671 viveret
731 1640 823 1681 ignis,

241 1687 280 1720 V.
310 1687 433 1725 Nempe
455 1687 557 1718 Deum
582 1695 712 1718 cernens

360 1736 392 1764 et
425 1733 534 1764 muudi
558 1732 673 1773 gaudia
697 1741 857 1772 spernens

256 1791 285 1821 2.
310 1789 481 1822 Marcellus
504 1790 571 1821 toto

358 1835 507 1875 reptabat
529 1836 564 1867 in
586 1838 715 1875 pectore
738 1844 849 1878 parv0,

311 1882 487 1922 Pardulphi
510 1882 636 1915 lavacro

361 1929 413 1969 qui
438 1928 521 1961 fotus
546 1931 578 1960 et
601 1929 736 1968 unguine
760 1937 849 1960 sacro

243 1977 281 2009 V.
311 1976 424 2009 Erexit
448 1976 577 2015 vultum,

358 2023 484 2063 bipedis
507 2024 645 2055 mutatus
668 2023 701 2054 in
725 2031 823 2054 usum.

255 2081 287 2112 3.
312 2079 495 2119 Pardulpho
519 2087 632 2111 nomen

361 2127 438 2158 dans
464 2128 495 2157 et
517 2125 642 2159 virtutis
665 2127 814 2158 honorem

315 2173 472 2206 Martinus
497 2174 623 2213 quidam

360 2229 422 2252 non
447 2220 602 2260 impendit
624 2219 829 2258 medicamen,

314 2267 485 2299 Nocturnis
508 2267 635 2300 monitis

363 2315 415 2354 qui
439 2318 582 2346 sanctum
603 2314 708 2353 jussus
733 2312 844 2355 adivit,

244 2361 283 2394 V.
313 2361 375 2393 Sed
398 2362 495 2393 rediit
517 2362 647 2401 proprio

363 2415 472 2449 gressu
496 2409 623 2441 veniens
647 2407 778 2442 asinino.

1037 221 1084 253 In
1109 223 1140 254 3.
1167 220 1226 252 No
1241 221 1404 251 cturno.

1126 266 1319 302 Antiphonae.

926 309 955 343 1.
981 310 1166 350 Arnulphus
1190 307 1312 349 sprevit

1028 355 1139 388 flentes
1164 356 1270 387 oculos
1291 352 1442 394 mulieris,

982 403 1117 436 Sedibus
1142 402 1236 435 elisos

1028 450 1133 482 oculos
1158 451 1232 488 post
1254 447 1343 479 flevit
1367 447 1506 486 equinos.

925 503 956 534 2.
983 501 1038 533 Sic
1061 501 1161 540 patris
1182 508 1336 531 annonam

1030 547 1237 579 commedenti
1263 544 1340 578 fecit
1359 553 1508 583 amaram,

984 594 1047 628 Sed
1072 597 1145 633 post
1167 593 1340 626 vindictam

1032 642 1157 673 veniam
1180 640 1269 673 dedit
1285 640 1317 672 in
1334 639 1532 671 medicinam.

929 694 959 725 3.
986 694 1089 726 Vasco
1115 701 1226 725 caecus
1251 694 1320 723 erat

1030 739 1231 780 Demolenus,
1258 747 1335 771 voce
1360 737 1499 776 carebat,

983 786 1078 818 Hunc
1101 795 1223 827 quoque
1246 787 1405 818 restaurat

1031 833 1204 865 venerandi
1227 832 1361 865 nominis
1385 831 1493 864 abbas.

1119 884 1325 918 Responsoria.

928 926 958 959 1.
985 926 1067 957 Dum
1093 926 1198 958 cuncti
1222 926 1354 968 fugiunt,

1030 974 1135 1005 hostes
1161 974 1214 1012 qui
1239 981 1368 1004 cernere
1390 974 1531 1012 possunt,

984 1019 1249 1060 Pardulphusque
1271 1019 1341 1058 pius

1030 1068 1122 1105 pater
1147 1068 1195 1097 est
1217 1066 1287 1097 sine
1307 1067 1379 1097 luce
1394 1066 1532 1108 relictus,

984 1113 1108 1152 Agnum
1134 1112 1270 1145 salvavit

1031 1159 1117 1191 Deus
1141 1159 1211 1198 ipse
1232 1160 1386 1198 luposque
1402 1157 1532 1201 fugavit,

914 1206 953 1237 V.
980 1205 1024 1237 Et
1048 1214 1174 1237 caecum
1199 1205 1333 1245 fugiunt,

1031 1252 1125 1284 urbes
1143 1252 1196 1291 qui
1214 1254 1379 1292 castraque
1395 1255 1534 1287 vincunt.

927 1306 958 1337 2.
981 1303 1041 1335 Est
1065 1311 1196 1344 regnare
1219 1304 1287 1335 Deo

1033 1350 1121 1381 vultu
1145 1351 1265 1382 servire
1289 1359 1421 1392 seren03

985 1396 1056 1428 Non
1082 1406 1192 1428 manus
1215 1395 1347 1429 artificis

1032 1443 1150 1482 lignum
1174 1444 1352 1482 producere
1376 1446 1487 1486 quivit,

987 1490 1076 1529 Quod
1100 1490 1308 1534 prolongavit,

1034 1538 1086 1576 qui
1118 1540 1192 1569 vota
1214 1547 1344 1577 precum
1371 1539 1538 1570 trutinavit

916 1582 955 1615 V.
983 1583 1159 1623 Pardulphi
1184 1584 1294 1626 patris,

1032 1630 1094 1661 sibi
1120 1631 1232 1663 devote
1256 1630 1448 1666 famulantis,

930 1682 962 1714 3.
989 1681 1125 1713 Coelitus
1151 1682 1311 1722 angelicae

1033 1736 1184 1760 resonans
1206 1738 1267 1761 vox
1293 1730 1478 1772 euphoniae,

988 1776 1085 1814 Quem
1110 1777 1206 1807 semel
1230 1777 1411 1819 assumpsit,

1036 1822 1121 1853 dulci
1144 1823 1355 1855 modulamine
1380 1823 1480 1867 duxit,

988 1869 1041 1901 Sic
1065 1870 1235 1910 (migrasti,

1036 1915 1082 1947 sic
1104 1916 1222 1956 pascha
1246 1919 1333 1948 tuum
1359 1917 1536 1950 celebrasti.

918 1962 956 1995 V.
984 1962 1122 1995 Auditor
1145 1972 1237 1995 verus

1034 2008 1095 2041 fuit
1119 2013 1151 2042 et
1173 2011 1264 2042 testis
1288 2011 1488 2051 TheodenuS,

987 2057 1046 2097 Qui
1071 2066 1200 2090 currens
1225 2058 1292 2090 vita

1037 2107 1068 2135 te
1093 2114 1155 2137 non
1180 2105 1301 2137 invenit
1323 2105 1356 2136 in
1381 2105 1452 2139 ista.

1084 2172 1129 2203 ln
1155 2170 1387 2204 Laudibus

1131 2221 1327 2258 Antiphonae.

933 2265 964 2299 1.
991 2265 1173 2305 Pardulpho
1199 2275 1289 2298 sacro

1036 2313 1172 2351 puerilia
1194 2313 1336 2347 membra
1359 2314 1487 2346 lavacro

990 2359 1142 2392 Reddunt
1165 2360 1231 2393 lota
1255 2369 1381 2400 gravem

1040 2406 1079 2439 de
1102 2417 1201 2453 parvo
1227 2417 1359 2449 corpore
1382 2406 1514 2445 faecem.
