1650 2587
660 103 823 137 -228
874 121 918 126 —-

139 199 177 230 V.
206 198 356 230 Totondit
380 206 504 228 comam
528 197 642 237 capitis
659 197 712 229 sui
728 199 756 229 et

209 254 243 277 se
265 245 335 277 Deo
360 253 482 283 suaque
505 244 626 276 obtulit.

154 303 185 334 3.
210 301 355 333 Paschali
378 302 469 333 nocte
494 300 626 340 pervigil

256 347 384 379 Samson
411 349 519 386 raptus
543 347 576 377 in
602 347 732 378 extasim

209 394 355 434 Eleganti
380 393 480 426 forma
505 393 605 425 virum

257 441 345 473 audit
369 440 429 472 sibi
455 441 576 472 dicere:

208 487 279 519 Non
302 487 441 520 manebis
465 487 496 518 in
522 487 582 518 hac
606 490 691 518 terra

254 535 316 566 nisi
338 542 436 573 parvo
462 536 611 574 tempore,

142 582 179 613 V.
206 581 393 620 Peregrinus
419 580 499 611 enim
527 580 589 611 eris

258 630 290 658 et
312 628 395 659 ultra
420 635 507 658 mare
530 626 683 666 pontifex.

274 702 318 733 In
345 704 376 735 3.
400 702 627 734 Nocturno.

351 752 543 787 Antiphonae.

156 797 186 829 1.
213 796 343 835 Quidam
369 795 468 827 frater
490 795 529 827 ab
555 795 638 827 elide

211 844 381 875 Percussus
407 844 455 873 est
478 846 510 873 in
532 842 669 883 inguine,

209 890 305 929 Quem
330 889 451 921 sanavit
477 889 578 920 crucis
600 890 687 930 signo

209 936 253 968 Et
276 945 357 976 aqua
375 935 473 967 mixta
496 936 575 969 oleo,

153 995 184 1025 2.
210 992 315 1025 Pistor
339 991 446 1024 fratris
473 992 601 1023 consilio

210 1040 370 1070 Venenum
397 1038 452 1069 dat
475 1038 507 1069 in
533 1040 668 1081 vasculo,

210 1086 273 1118 Sed
297 1086 385 1126 signo
412 1085 512 1116 crucis
540 1085 623 1116 edito

209 1132 296 1164 Bibit
320 1132 420 1164 fretus
443 1132 476 1163 in
502 1132 645 1165 Domino.

155 1192 184 1222 3.
211 1189 339 1221 Nullum
362 1188 438 1220 inde
462 1188 577 1219 malum
603 1189 710 1229 sensit,

210 1236 273 1269 Sed
297 1234 409 1275 pistori
433 1237 536 1274 grates
560 1235 663 1278 solvit,

211 1283 357 1314 Vindicta
383 1279 513 1312 fratrem
537 1282 680 1320 perculit,

211 1331 241 1361 A
266 1338 325 1369 quo
352 1329 533 1360 daemonem
559 1329 687 1368 expulit.

346 1389 548 1423 Responsoria.

155 1433 186 1464 1.
211 1432 353 1463 Eductus
380 1430 418 1463 de
443 1431 564 1470 exsilio,

210 1479 366 1510 Reversus
391 1478 582 1516 postliminio

211 1525 300 1557 Vidit
323 1526 426 1556 lumen
453 1525 491 1556 de
515 1524 631 1556 lumine

211 1571 269 1603 Vir
293 1572 402 1603 beatus
425 1571 458 1602 in
482 1571 590 1602 limine

881 197 926 228 Et
947 199 1075 236 potatur
1099 206 1180 237 aqua
1204 197 1287 237 viva,

883 243 981 281 Quam
1006 244 1108 275 sitivit
1130 244 1162 275 in
1186 244 1247 275 hac
1270 243 1356 285 vitan,

884 291 955 323 Jam
980 293 1111 330 peracta
1134 291 1248 322 militia

885 337 1059 369 Coronatur
1082 337 1115 368 in
1140 338 1250 377 gloria.

815 383 852 417 V.
880 384 1036 424 Tempore
1058 384 1195 416 sationis
1219 383 1435 416 indesinenter

883 431 1062 472 seminavit,
1080 433 1116 462 ut
1127 431 1165 462 in
1178 430 1349 471 oolziyemlo
1363 439 1433 461 ona-

882 477 1011 517 m'pulos
1034 478 1105 509 sinc
1127 478 1192 517 fine
1214 476 1379 518 yaucleret.

1054 597 1195 625 Prosella.

883 683 1017 715 Sanctus
1038 683 1169 715 Samson
1193 684 1260 714 late
1284 681 1386 723 fulget

930 731 1080 763 virtutum
1105 731 1283 769 praeconio,

884 777 979 817 Apud
1005 777 1107 809 Deum
1131 777 1222 808 nobis
1247 776 1350 816 prosit

931 824 997 863 ejus
1021 824 1216 856 intercessio.

881 872 982 903 Prece
1006 880 1063 902 sua
1087 870 1236 902 liberavit

930 920 1075 950 vexatam
1102 918 1275 957 daemonio,

884 965 1021 997 Matrem
1044 966 1135 1005 lepra
1159 967 1276 996 tactam
1300 964 1371 1003 pari

931 1012 1053 1043 curavit
1076 1012 1226 1044 remedio.

884 1059 972 1097 911οᾶ
998 1067 1082 1090 1111110
1104 1059 1189 1090 lucet
1212 1058 1290 1097 Deo,
1319 1058 1410 1089 docet

930 1105 1009 1136 lucis
1035 1105 1234 1146 restauratio,

884 1152 950 1184 Ubi
974 1152 1121 1184 standum
1147 1154 1204 1191 est,
1230 1154 1389 1183 ostensum

930 1199 1070 1230 locustae
1092 1199 1253 1238 mysterio.

885 1245 968 1277 Huic
992 1248 1157 1285 antequam
1182 1246 1373 1283 nasceretur,

932 1301 1043 1323 nomen
1071 1292 1160 1324 dedit
1181 1292 1272 1332 visio,

883 1339 946 1370 Hic
967 1339 1100 1377 sanavit,
1122 1347 1212 1378 quem
1238 1339 1390 1370 distendit

930 1385 1042 1417 veneni
1063 1384 1192 1417 infusio.

883 1432 949 1463 Nos
975 1432 1132 1464 Samsonis
1158 1433 1387 1464 committamus

930 1479 1030 1510 sancti
1054 1479 1240 1519 patrocinio,

883 1526 929 1558 Ut
954 1534 1022 1556 cum
1047 1528 1135 1557 tanto
1158 1530 1250 1565 patre
1274 1525 1370 1557 simus

931 1572 1017 1613 digni
1043 1573 1125 1604 vitae
1149 1573 1298 1612 praemio.

217 1645 298 1672 Brev.
319 1646 447 1672 Dolense
467 1646 535 1679 imp.
556 1645 679 1672 Parisiis
702 1643 782 1673 1519.
803 1658 840 1664 —-
858 1645 894 1671 In
915 1643 939 1672 1.
958 1645 1040 1672 Noct.
1063 1643 1085 1671 Α
1106 1644 1131 1679 2,
1153 1644 1173 1673 4
1193 1646 1315 1673 donavit
1334 1656 1434 1674 mune-

142 1683 230 1710 ribus.
259 1698 294 1701 —
315 1683 395 1710 Alles
416 1681 547 1709 fuhlende
566 1682 673 1713 Prosa3
703 1682 750 1709 die
768 1682 962 1718 zugehtirigen
981 1683 1119 1717 Hymnen
1138 1683 1223 1711 Anal.
1245 1684 1312 1718 XII,
1333 1682 1389 1712 224
1409 1685 1436 1712 ff.

595 1828 639 1858 87.
677 1828 720 1859 De
739 1829 844 1860 sancto
865 1827 987 1860 Severo,

281 1926 326 1957 In
353 1927 383 1959 1.
408 1925 625 1964 Vesperis.

333 2019 378 2045 Ad
397 2017 572 2054 Magnificat.

142 2094 182 2126 A.
213 2094 314 2125 Adest
336 2095 402 2126 dies
426 2094 567 2126 laetitiae

210 2142 248 2173 In
272 2141 413 2174 Viennae
437 2141 608 2185 provincia,

212 2189 277 2227 Quo
303 2188 418 2220 Severo
443 2197 499 2219 rex
522 2188 640 2228 gloriae

213 2234 311 2266 Beata
337 2235 425 2268 dedit
448 2235 579 2275 gaudia3

214 2282 388 2315 Concordet
413 2291 485 2322 ergo
511 2283 616 2315 curiae

214 2328 299 2361 Coeli
323 2338 472 2369 praesens
498 2330 639 2373 ecclesia,

884 1927 970 1965 Quae
993 1928 1109 1967 gaudet
1129 1938 1204 1961 vasc
1228 1930 1341 1970 gratia,

882 1973 972 2012 Quod
996 1976 1143 2014 provexit
1170 1977 1210 2008 ab
1236 1977 1338 2010 India.

945 2068 990 2100 In
1017 2069 1047 2102 1.
1073 2069 1302 2103 Nocturno.

1017 2134 1230 2163 Invitatorium.

885 2191 1079 2223 venerantes
1103 2193 1314 2233 redemptoris

933 2237 1050 2270 Christi
1073 2240 1233 2273 mirabilia

886 2284 1087 2318 Exsultemus
1110 2286 1298 2320 confessoris

934 2331 1042 2365 Severi
1066 2343 1124 2374 pro
1149 2335 1258 2375 gloria.
