1651 2588
720 122 978 156 —131—

205 213 245 248 V.
277 214 400 254 Corpus
425 223 514 246 suum
541 216 666 257 vigiliis,
902 219 934 253 5.
960 218 1062 250 Deum
1084 217 1216 249 laudent
1240 218 1354 258 angeli,

277 261 422 302 JejuniiS,
447 263 588 302 angariis
1000 265 1059 304 Qui
1079 264 1114 296 in
1138 264 1234 296 coelis
1259 264 1390 307 habitat,

318 309 454 341 Attrivit
476 309 507 341 in
534 310 595 341 hoc
618 311 746 345 mundo.
957 312 1001 343 Et
1026 321 1091 352 vos,
1119 311 1202 343 cives
1227 312 1342 355 superi,

999 359 1059 399 Qui
1083 367 1140 392 vos
1164 359 1211 390 sic
1234 358 1392 392 nobilitat.

363 403 409 435 In
434 402 663 437 Landibus'
1071 433 1116 460 Ad
1135 432 1319 460 Benedictus.

422 468 616 504 Annphonae.
888 481 928 513 A.
960 481 1077 520 Fulget
1099 483 1136 512 ut
1159 480 1209 512 sol
1232 480 1361 513 radians

219 525 249 557 1.
276 524 340 556 Hic
360 525 496 558 nitorem
518 526 623 558 induit
999 527 1207 560 Marcellinus
1232 527 1358 569 nobilis,

318 573 358 605 In
381 574 469 605 terra
495 573 628 614 decoris,
957 574 1131 614 Languidis
1156 574 1321 615 auxilians,

277 618 426 651 Sanctam
451 620 559 655 sedem
582 621 699 652 meruit
1002 621 1118 654 Gratus
1144 621 1280 661 Christo,
1304 620 1440 659 humilis,

319 667 357 699 In
381 675 478 707 regno
501 667 649 700 dulcoris.
958 669 1017 701 Vir
1040 669 1121 712 pius,
1148 668 1328 700 illuminans

219 724 251 756 2.
280 722 421 756 :iubilate
442 723 591 763 Domino,
999 714 1069 754 His,
1097 715 1150 756 qui
1169 716 1204 747 in
1228 715 1368 747 tenebris

320 770 379 810 Qui
403 771 450 802 sio
474 771 657 803 sublimavit
958 762 1088 805 Sedens,
1113 763 1200 802 ipsos
1227 762 1365 815 dirigens

273 816 507 857 Marcellinum,
531 819 667 851 termino
1000 810 1192 849 Angelffl'um
1215 809 1350 850 gaUdUS·

318 864 503 896 Sanctorum
530 866 654 900 ditavit.

217 922 249 955 3.
276 920 374 959 Deus,
399 921 485 953 Deus
510 930 609 961 meus,
1020 904 1066 936 In
1088 905 1119 937 2-
1145 903 1362 942 vesperis·

316 967 370 999 Ad
391 970 423 998 te
449 967 578 1007 vigilavi
1070 967 1116 995 Ad
1134 965 1315 1003 Magnificat.

273 1014 318 1046 Et
340 1014 382 1046 ad
406 1017 491 1048 tuam
517 1015 650 1068 glcyriazn
886 1026 925 1057 A.
955 1023 1194 1065 Magnificemus
1219 1024 1397 1063 Dominum,

315 1061 448 1100 Semper
472 1061 644 1102 adSPH'flVl·
955 1072 1014 1110 Qui
1037 1071 1177 1104 salvator
1202 1074 1249 1103 est
1273 1071 1443 1111 hominum,

216 1120 247 1151 4.
276 1118 391 1150 Omnes
416 1118 520 1150 sancti
545 1118 715 1150 Dominum
998 1117 1180 1150 Marcellini
1204 1118 1335 1160 meritis,

312 1165 513 1197 Benedicant
536 1174 658 1205 verum,
957 1165 1037 1204 Quia
1062 1165 1162 1197 erexit
1185 1165 1337 1196 humilem

271 1211 316 1243 Et
337 1214 462 1252 patrem
489 1214 520 1243 et
543 1212 654 1252 filium,
956 1212 1055 1244 Dedit
1079 1215 1112 1243 et
1135 1210 1344 1244 favorabilem

316 1259 502 1291 Creatorem
527 1268 643 1291 rerum.
1001 1259 1182 1292 Sublimans
1206 1260 1240 1291 in
1263 1258 1397 1299 superis.

275 1324 362 1351 BreV.
382 1332 434 1352 ms.
456 1324 613 1352 Aniciense
632 1332 707 1352 saec.
730 1322 773 1351 15.
796 1323 864 1352 God.
884 1325 1009 1352 Par-isin.
1033 1321 1115 1352 1304.
1135 1323 1169 1351 A.
1201 1339 1239 1343 —
1258 1324 1343 1351 BreV.
1364 1331 1415 1350 ms.
1436 1320 1508 1351 Ani*

200 1364 298 1390 ciense
325 1370 400 1390 saec.
431 1360 474 1389 15.
496 1361 563 1389 Ood.
586 1361 680 1397 Capit.
699 1362 831 1389 Anicien.
859 1371 882 1389 s.
913 1367 941 1388 τι.
961 1362 995 1389 Β.
1024 1377 1060 1382 --
1083 1361 1174 1390 Beide
1193 1361 1421 1389 Handsehriften
1441 1361 1507 1388 sind

199 1409 258 1427 von
279 1400 487 1436 ausgesuchter
505 1399 780 1436 Fchlerhaftigkeit:
815 1400 861 1426 ein
880 1399 1053 1435 gedrucktes
1075 1400 1148 1427 alfes
1167 1400 1288 1437 Breyier
1306 1408 1364 1426 von
1383 1398 1427 1425 Le
1444 1399 1509 1433 Puy

201 1439 333 1466 existiert
351 1437 433 1465 nicht
452 1436 542 1464 mehr.
563 1451 600 1456 -
619 1436 638 1463 Α
653 1435 678 1471 2,
697 1435 865 1465 1Vallenia
878 1439 910 1472 A,
929 1437 1067 1465 Vallavia
1079 1437 1112 1464 B.
1133 1451 1170 1456 -—-
1191 1435 1213 1463 A
1227 1438 1253 1470 3,
1275 1434 1292 1463 5
1312 1445 1344 1464 se
1357 1437 1508 1464 continens

198 1476 272 1503 fehlt
292 1475 352 1502 ΑΒ.
370 1490 410 1495 —
430 1474 453 1501 A
472 1472 499 1509 3,
520 1473 537 1502 6
557 1476 623 1503 Hoc
642 1475 782 1503 muudum
800 1475 950 1510 signanter
971 1476 1002 1503 B.
1020 1490 1057 1494 -—
1077 1473 1099 1501 A
1119 1474 1149 1508 4,
1166 1473 1186 1502 4
1205 1476 1256 1509 qui
1275 1474 1349 1501 fehlt
1367 1473 1402 1500 A.
1425 1489 1463 1493 -
1484 1472 1506 1499 A

200 1511 226 1546 4,
249 1511 265 1541 6
284 1513 342 1540 Dei
362 1513 449 1540 laude
466 1512 540 1540 fehlt
558 1514 591 1541 B.
611 1528 648 1532 —
668 1512 691 1539 A
712 1511 737 1547 5,
755 1511 773 1539 2
792 1512 865 1540 fehlt
883 1514 916 1540 A.
938 1528 975 1533 —
995 1511 1017 1539 A
1039 1510 1064 1546 5,
1087 1511 1104 1540 6
1123 1512 1196 1540 fehlt
1211 1512 1271 1540 AB.
1292 1526 1330 1531 —-
1349 1511 1395 1539 Ad
1407 1512 1507 1548 Magn.

200 1549 231 1584 A,
256 1548 270 1579 1
290 1551 517 1579 Monastrolium
536 1550 711 1583 (Monistrol)
730 1550 892 1578 ausradiert
911 1551 944 1579 B.
965 1566 1000 1570 —
1021 1550 1096 1578 Ibid.
1118 1549 1134 1578 6
1154 1549 1358 1578 Marcellinum
1376 1549 1450 1577 fehlt
1467 1550 1506 1584 Β,

197 1588 473 1662 Ξῖὲῗιὲἳνῗῃῗὼῷ
482 1586 762 1659 Ἆῗῗὲῖιὲῗέἓῗῗ
767 1588 806 1652 All
821 1604 857 1659 Ξ
871 1586 1313 1662 ᾓᾍᾞέἔᾶζὲἰῗιὲῒέωῒὲὲζ
1318 1585 1509 1659 ᾇῗῡὲρῗῖἓὲἷὲ

197 1665 257 1692 AB.
277 1679 316 1683 —
339 1662 359 1690 Β
383 1662 407 1697 1,
428 1662 446 1692 3
465 1664 569 1691 Mundi
588 1664 674 1699 hujus
695 1665 791 1691 carnis
810 1663 852 1699 A;
872 1663 946 1692 fehlt
963 1665 996 1692 B.
1018 1678 1055 1684 —-·
1077 1662 1097 1689 Β
1116 1663 1141 1700 1,
1162 1661 1180 1689 2
1199 1664 1273 1691 fehlt
1286 1664 1320 1690 B.
1340 1678 1369 1681 ῌ
1400 1661 1420 1689 Β
1444 1662 1467 1697 1,
1489 1661 1507 1690 5

197 1703 315 1731 Tenens
333 1701 474 1730 eeclesias
494 1702 527 1729 B.
553 1716 587 1720 —
609 1699 630 1727 Β
650 1700 677 1735 2,
697 1698 715 1730 3
734 1701 831 1730 ferens
850 1703 938 1729 vanis
957 1702 1054 1737 operis
1074 1701 1107 1728 B.
1127 1716 1165 1720 —
1186 1699 1208 1727 Β
1228 1700 1256 1735 2,
1276 1699 1293 1728 5
1312 1702 1396 1728 Tulit
1414 1702 1447 1728 B.
1468 1716 1508 1721 -—

199 1739 219 1767 Β
245 1739 271 1773 2,
301 1738 317 1767 6
345 1741 415 1767 lies:
440 1748 492 1776 per
515 1748 597 1768 suam
617 1738 811 1776 pravitatem?
841 1754 878 1759 —
904 1738 924 1766 Β
954 1737 980 1773 2,
1005 1739 1022 1767 7
1042 1739 1057 1766 1
1078 1748 1127 1767 sos
1147 1741 1245 1774 potuit
1262 1739 1295 1766 B.
1321 1753 1358 1757 —
1384 1736 1405 1764 Β
1434 1737 1460 1772 2,
1489 1737 1506 1766 9

197 1779 331 1807 Flentem
350 1779 495 1807 feritatem
514 1779 548 1805 A.
569 1794 606 1798 —-
628 1776 648 1803 Β
669 1775 696 1811 3,
717 1775 735 1804 2
755 1786 798 1813 sq.
819 1777 892 1805 fehlt
900 1778 934 1805 A.
955 1792 991 1796 -
1014 1776 1034 1804 Β
1076 1797 1083 1811 ,
1103 1776 1123 1805 4
1136 1776 1329 1805 Sublevcmus
1349 1778 1508 1805 laetantem

197 1818 231 1844 A.
254 1813 275 1843 Β
297 1814 324 1850 3,
349 1815 366 1844 5
387 1816 549 1843 exaltatum
567 1816 603 1843 A.
623 1830 660 1834 —
682 1814 703 1842 Β
723 1813 750 1851 3,
770 1814 788 1843 9
806 1815 979 1844 Exal‘catum
999 1816 1034 1843 A.
1053 1829 1091 1833 ——
1110 1816 1147 1843 In
1166 1813 1193 1842 2.
1212 1816 1298 1844 Noct.
1321 1813 1343 1841 A
1362 1812 1389 1849 2,
1413 1813 1428 1842 1
1449 1815 1508 1843 An-

199 1856 306 1882 tistites
326 1855 367 1889 A;
388 1853 577 1882 Marcellinus
602 1855 723 1882 antistes
743 1854 776 1881 B.
806 1868 837 1873 -
865 1852 888 1879 A
909 1852 943 1887 2,
970 1851 988 1880 2
1009 1855 1106 1881 castus
1134 1855 1163 1881 et
1186 1854 1253 1889 pius
1273 1853 1307 1880 Β.
1334 1868 1370 1872 —
1399 1851 1422 1879 A
1442 1851 1467 1888 2,
1489 1851 1509 1880 4

196 1892 323 1920 Domine
346 1893 379 1920 A.
408 1908 446 1912 -—
470 1889 493 1918 A
521 1890 546 1926 2,
574 1891 591 1920 5
615 1892 743 1921 Auribus
762 1893 880 1927 percipe
901 1892 939 1926 A3
966 1892 1094 1920 Domine
1111 1891 1186 1919 fehlt
1203 1892 1237 1919 A.
1262 1905 1300 1910 —
1324 1890 1347 1917 A
1368 1888 1394 1924 3,
1425 1889 1439 1918 1
1461 1900 1503 1927 sq.

197 1938 304 1957 nomen
324 1931 442 1958 Adonai
460 1929 521 1957 AB.
547 1945 585 1948 —
612 1928 634 1956 A
654 1928 686 1963 3,
714 1927 733 1957 3
753 1938 796 1966 sq.
816 1929 905 1957 Coelo
924 1931 1005 1957 terra
1022 1931 1110 1965 porta
1130 1929 1207 1966 quod
1224 1930 1376 1957 baratrum
1396 1933 1441 1957 est
1459 1930 1507 1957 de-

199 1968 363 1996 structibile
382 1968 414 1995 B.
445 1982 482 1986 —
509 1966 532 1993 A
552 1966 578 2002 3,
599 1966 619 1995 4
637 1968 845 2004 baratrumque
865 1968 1079 1995 destuctibilem
1100 1967 1134 1994 A.
1160 1981 1197 1985 —
1225 1965 1246 1993 Β
1270 1965 1293 2000 1,
1317 1966 1331 1995 1
1353 1976 1372 1995 a
1391 1967 1506 1995 Christo

199 2006 307 2033 tradita
321 2006 378 2034 AB.
399 2019 435 2023 —
457 2003 477 2031 Β
497 2003 521 2041 1,
543 2004 560 2032 2
580 2006 644 2033 vita
663 2006 812 2042 duplicata
830 2006 870 2039 A,
890 2007 982 2033 vitam
1002 2005 1152 2041 duplicata
1163 2005 1196 2032 B.
1221 2020 1258 2024 --
1279 2002 1299 2030 Β
1316 2003 1339 2039 1,
1360 2003 1380 2033 4
1402 2007 1506 2033 ornata

198 2044 232 2071 A.
246 2057 284 2063 ——-
305 2041 326 2069 Β
342 2042 368 2078 1,
393 2041 411 2070 6
430 2051 483 2077 per
493 2043 568 2071 haec
580 2043 690 2080 gaudia
702 2043 761 2078 AB,
780 2045 868 2072 beata
880 2044 913 2071 B.
928 2059 965 2063 —
986 2041 1006 2069 Β
1022 2042 1048 2075 1,
1062 2042 1079 2070 7
1100 2042 1194 2071 fidelis
1209 2044 1273 2071 Deo
1287 2044 1321 2070 B.
1341 2056 1380 2062 —-
1400 2041 1421 2069 Β
1443 2042 1468 2077 1,
1489 2041 1507 2070 9

199 2083 318 2110 ornatus
338 2082 373 2109 A.
398 2095 435 2100 -—
457 2079 477 2107 Β
498 2078 524 2114 2,
553 2079 570 2108 2
592 2081 696 2109 reduta
714 2081 749 2108 A.
779 2098 810 2102 -—
838 2079 858 2107 Β
879 2079 905 2115 2,
933 2078 951 2108 3
967 2080 1063 2116 jubilo
1083 2081 1157 2108 fehlt
1174 2080 1234 2108 AB.
1261 2095 1295 2099 —
1325 2079 1346 2107 Β
1367 2079 1393 2115 2,
1415 2079 1432 2109 6
1451 2082 1507 2109 lies

197 2121 321 2148 beatus?
336 2135 371 2140 —
395 2116 415 2145 Β
430 2117 456 2152 2,
480 2116 496 2147 9
516 2120 562 2146 vir
581 2119 647 2154 pius
667 2119 786 2147 humilis
799 2121 833 2148 B.
847 2135 881 2139 -—
905 2117 925 2145 Β
941 2117 967 2152 2,
990 2117 1024 2147 10
1038 2118 1196 2146 adornatus
1209 2117 1243 2146 B.
1257 2134 1294 2139 ——
1315 2116 1335 2145 Β
1349 2117 1375 2150 3,
1399 2117 1413 2146 1
1427 2121 1506 2155 patri

197 2159 235 2193 Β,
254 2157 392 2186 laudetur
409 2157 555 2184 luminum
576 2157 610 2189 A,
629 2157 766 2185 laudatur
784 2157 928 2185 luminum
947 2157 980 2184 B.
1001 2171 1040 2175 —
1059 2154 1080 2182 Β
1101 2154 1128 2191 3,
1149 2154 1166 2183 5
1184 2156 1222 2184 1n
1241 2158 1352 2185 meritis
1369 2157 1457 2192 hujus
1479 2160 1508 2185 et

197 2196 284 2232 hujus
298 2196 331 2230 A,
351 2196 388 2223 In
407 2195 513 2222 mentis
532 2194 619 2229 hujus
633 2195 665 2222 B.
686 2209 723 2214 --
746 2192 766 2221 Β
782 2193 807 2230 3,
830 2193 847 2222 6
860 2195 901 2222 Et
919 2196 1068 2231 agminum
1087 2203 1278 2231 supernorum
1290 2196 1329 2231 A;
1351 2197 1381 2223 et
1400 2203 1508 2231 agnum

197 2242 389 2271 supernorum
409 2233 443 2260 B.
461 2248 498 2253 ——
519 2230 540 2258 Β
561 2231 587 2267 3,
609 2231 626 2259 7
642 2232 759 2260 Summe
778 2233 857 2261 tlolet
875 2233 908 2260 B.
934 2247 973 2251 —
1002 2230 1023 2259 Β
1044 2230 1069 2266 3,
1092 2231 1109 2260 9
1129 2235 1209 2261 tenet
1227 2235 1352 2270 percipit
1369 2234 1403 2262 B.
1423 2249 1461 2253 —
1483 2231 1503 2260 Β

198 2270 224 2307 3,
248 2270 283 2301 10
303 2273 402 2308 ignem
415 2271 490 2299 fehlt
500 2271 540 2306 133
562 2272 711 2299 aeternum
722 2271 782 2299 AB.
802 2285 839 2291 ——
858 2271 895 2298 In
908 2269 935 2299 3.
947 2271 1032 2299 Noct.
1046 2268 1070 2297 A
1086 2269 1110 2304 1,
1130 2269 1150 2298 4
1162 2273 1289 2300 animam
1303 2280 1385 2300 suam
1395 2271 1455 2300 AB.
1469 2288 1507 2293 --

197 2309 220 2337 A
239 2309 262 2344 1,
278 2309 295 2337 7
307 2319 350 2347 sq.
371 2310 493 2339 Domini
505 2309 704 2343 contemplans
718 2309 751 2336 A.
768 2324 804 2328 —
825 2307 848 2335 A
863 2307 889 2343 2,
910 2308 926 2337 6
948 2309 1046 2337 saecla
1063 2308 1137 2337 fehlt
1150 2309 1182 2337 Β.
1196 2326 1233 2330 -
1254 2307 1276 2337 A
1292 2308 1318 2344 3,
1339 2308 1357 2337 2
1377 2319 1393 2337 o
1409 2312 1506 2347 superi

195 2351 309 2377 vestras
329 2350 363 2384 Β,
393 2356 409 2375 0
431 2348 526 2378 saneti
545 2349 658 2378 vestras
678 2348 713 2375 A.
740 2364 776 2368 -—
805 2345 825 2374 Β
850 2345 875 2382 1,
903 2346 918 2375 1
939 2347 999 2375 Hic
1017 2347 1110 2375 factus
1130 2349 1163 2375 in
1181 2348 1216 2376 A.
1241 2364 1280 2369 —-
1305 2347 1325 2375 Β
1349 2347 1373 2383 1,
1401 2347 1418 2376 6
1437 2350 1506 2378 Non

198 2389 315 2416 coactus
337 2387 402 2417 auri
421 2387 464 2423 A;
487 2387 551 2414 auri
572 2385 710 2414 machina
727 2386 761 2413 B.
789 2399 825 2405 —-
852 2383 874 2412 Β
895 2384 921 2423 2,
942 2383 959 2413 3
980 2387 1094 2414 scilicet
1111 2386 1255 2424 principio
1276 2388 1308 2415 B.
1335 2402 1374 2407 —
1400 2385 1420 2414 Β
1441 2386 1467 2422 2,
1488 2385 1506 2414 5

1292 2432 1334 2463 9*
