<?xml version="1.0" encoding="UTF-8"?>
<!DOCTYPE html PUBLIC "-//W3C//DTD XHTML 1.0 Transitional//EN"
    "http://www.w3.org/TR/xhtml1/DTD/xhtml1-transitional.dtd">
<html xmlns="http://www.w3.org/1999/xhtml" xml:lang="en" lang="en">
 <head>
  <title>
</title>
<meta http-equiv="Content-Type" content="text/html;charset=utf-8" />
  <meta name='ocr-system' content='tesseract 3.04.00' />
  <meta name='ocr-capabilities' content='ocr_page ocr_carea ocr_par ocr_line ocrx_word'/>
</head>
<body>
  <div class='ocr_page' id='page_1' title='image "./analectahymnica18drevuoft_00165.png"; bbox 0 0 1650 2587; ppageno 0'>
   <div class='ocr_carea' id='block_1_1' title="bbox 118 166 651 204">
    <p class='ocr_par' dir='ltr' id='par_1_1' title="bbox 118 166 651 204">
     <span class='ocr_line' id='line_1_1' title="bbox 118 166 651 204; baseline -0.013 0"><span class='ocrx_word' id='word_1_1' title='bbox 118 173 150 204; x_wconf 83' lang='lat'><strong>3.</strong></span> <span class='ocrx_word' id='word_1_2' title='bbox 176 170 226 202; x_wconf 80' lang='lat' dir='ltr'><strong>Ex</strong></span> <span class='ocrx_word' id='word_1_3' title='bbox 251 169 380 201; x_wconf 83' lang='lat' dir='ltr'><strong>Judaeis</strong></span> <span class='ocrx_word' id='word_1_4' title='bbox 406 168 539 200; x_wconf 83' lang='lat' dir='ltr'><strong>eredunt</strong></span> <span class='ocrx_word' id='word_1_5' title='bbox 560 166 651 198; x_wconf 84' lang='lat' dir='ltr'><strong>multi</strong></span> 
     </span>
    </p>
   </div>
   <div class='ocr_carea' id='block_1_2' title="bbox 175 214 580 301">
    <p class='ocr_par' dir='ltr' id='par_1_2' title="bbox 175 214 580 301">
     <span class='ocr_line' id='line_1_2' title="bbox 177 214 580 257; baseline -0.007 -9"><span class='ocrx_word' id='word_1_6' title='bbox 177 216 388 257; x_wconf 87' lang='lat' dir='ltr'><strong>Supernorum</strong></span> <span class='ocrx_word' id='word_1_7' title='bbox 412 215 476 248; x_wconf 88' lang='lat' dir='ltr'><strong>fide</strong></span> <span class='ocrx_word' id='word_1_8' title='bbox 500 214 580 254; x_wconf 85' lang='lat' dir='ltr'><strong>fulti,</strong></span> 
     </span>
     <span class='ocr_line' id='line_1_3' title="bbox 175 263 558 301; baseline -0.01 -5"><span class='ocrx_word' id='word_1_9' title='bbox 175 264 266 296; x_wconf 86' lang='lat' dir='ltr'><strong>Facti</strong></span> <span class='ocrx_word' id='word_1_10' title='bbox 290 263 368 295; x_wconf 89' lang='lat' dir='ltr'><strong>lucis</strong></span> <span class='ocrx_word' id='word_1_11' title='bbox 392 264 558 301; x_wconf 88' lang='lat' dir='ltr'><strong>amatores,</strong></span> 
     </span>
    </p>
   </div>
   <div class='ocr_carea' id='block_1_3' title="bbox 172 311 637 352">
    <p class='ocr_par' dir='ltr' id='par_1_3' title="bbox 172 311 637 352">
     <span class='ocr_line' id='line_1_4' title="bbox 172 311 637 352; baseline -0.004 -9"><span class='ocrx_word' id='word_1_12' title='bbox 172 311 373 352; x_wconf 83' lang='lat' dir='ltr'><strong>Propriorum</strong></span> <span class='ocrx_word' id='word_1_13' title='bbox 397 311 637 349; x_wconf 68' lang='lat' dir='ltr'>contemptores,</span> 
     </span>
    </p>
   </div>
   <div class='ocr_carea' id='block_1_4' title="bbox 316 403 522 439">
    <p class='ocr_par' dir='ltr' id='par_1_4' title="bbox 316 403 522 439">
     <span class='ocr_line' id='line_1_5' title="bbox 316 403 522 439; baseline -0.005 -9"><span class='ocrx_word' id='word_1_14' title='bbox 316 403 522 439; x_wconf 86' lang='lat' dir='ltr'><strong>Responsoria.</strong></span> 
     </span>
    </p>
   </div>
   <div class='ocr_carea' id='block_1_5' title="bbox 137 460 573 1200">
    <p class='ocr_par' dir='ltr' id='par_1_5' title="bbox 144 460 427 495">
     <span class='ocr_line' id='line_1_6' title="bbox 144 460 427 495; baseline -0.018 0"><span class='ocrx_word' id='word_1_15' title='bbox 144 488 150 495; x_wconf 95' lang='lat'><em>.</em></span> <span class='ocrx_word' id='word_1_16' title='bbox 175 460 225 492; x_wconf 87' lang='lat' dir='ltr'><strong>De</strong></span> <span class='ocrx_word' id='word_1_17' title='bbox 248 462 427 492; x_wconf 80' lang='lat' dir='ltr'><strong>sanctorum</strong></span> 
     </span>
    </p>

    <p class='ocr_par' dir='ltr' id='par_1_6' title="bbox 176 510 501 585">
     <span class='ocr_line' id='line_1_7' title="bbox 221 510 501 538; baseline -0.004 0"><span class='ocrx_word' id='word_1_18' title='bbox 221 510 349 538; x_wconf 85' lang='lat' dir='ltr'><strong>vocatus</strong></span> <span class='ocrx_word' id='word_1_19' title='bbox 373 514 501 538; x_wconf 85' lang='lat' dir='ltr'><strong>numero</strong></span> 
     </span>
     <span class='ocr_line' id='line_1_8' title="bbox 176 554 366 585; baseline -0.005 0"><span class='ocrx_word' id='word_1_20' title='bbox 176 554 366 585; x_wconf 79' lang='lat' dir='ltr'><strong>Maximinus</strong></span> 
     </span>
    </p>

    <p class='ocr_par' dir='ltr' id='par_1_7' title="bbox 178 598 539 686">
     <span class='ocr_line' id='line_1_9' title="bbox 220 598 539 640; baseline -0.003 -8"><span class='ocrx_word' id='word_1_21' title='bbox 220 602 362 632; x_wconf 78' lang='lat' dir='ltr'><strong>sacratur</strong></span> <span class='ocrx_word' id='word_1_22' title='bbox 385 598 539 640; x_wconf 75' lang='lat' dir='ltr'><strong>pontifex,</strong></span> 
     </span>
     <span class='ocr_line' id='line_1_10' title="bbox 178 646 424 686; baseline -0.012 -6"><span class='ocrx_word' id='word_1_23' title='bbox 178 646 295 680; x_wconf 88' lang='lat' dir='ltr'><strong>Christi</strong></span> <span class='ocrx_word' id='word_1_24' title='bbox 314 646 424 686; x_wconf 82' lang='lat' dir='ltr'><strong>jugum</strong></span> 
     </span>
    </p>

    <p class='ocr_par' dir='ltr' id='par_1_8' title="bbox 174 693 548 772">
     <span class='ocr_line' id='line_1_11' title="bbox 222 693 548 733; baseline 0.003 -9"><span class='ocrx_word' id='word_1_25' title='bbox 222 693 327 725; x_wconf 86' lang='lat' dir='ltr'><strong>ferens</strong></span> <span class='ocrx_word' id='word_1_26' title='bbox 351 693 384 725; x_wconf 90' lang='lat' dir='ltr'><strong>in</strong></span> <span class='ocrx_word' id='word_1_27' title='bbox 408 693 548 733; x_wconf 83' lang='lat' dir='ltr'><strong>humero,</strong></span> 
     </span>
     <span class='ocr_line' id='line_1_12' title="bbox 174 740 367 772; baseline -0.01 0"><span class='ocrx_word' id='word_1_28' title='bbox 174 740 367 772; x_wconf 85' lang='lat' dir='ltr'><strong>Sacramenti</strong></span> 
     </span>
    </p>

    <p class='ocr_par' dir='ltr' id='par_1_9' title="bbox 176 785 468 866">
     <span class='ocr_line' id='line_1_13' title="bbox 223 785 468 827; baseline -0.004 -8"><span class='ocrx_word' id='word_1_29' title='bbox 223 786 327 819; x_wconf 87' lang='lat' dir='ltr'><strong>fidelis</strong></span> <span class='ocrx_word' id='word_1_30' title='bbox 352 785 468 827; x_wconf 82' lang='lat' dir='ltr'><strong>opifex,</strong></span> 
     </span>
     <span class='ocr_line' id='line_1_14' title="bbox 176 833 387 866; baseline -0.009 0"><span class='ocrx_word' id='word_1_31' title='bbox 176 833 387 866; x_wconf 84' lang='lat' dir='ltr'><strong>Praedicandi</strong></span> 
     </span>
    </p>

    <p class='ocr_par' dir='ltr' id='par_1_10' title="bbox 176 879 552 966">
     <span class='ocr_line' id='line_1_15' title="bbox 220 879 552 920; baseline -0.003 -8"><span class='ocrx_word' id='word_1_32' title='bbox 220 880 401 920; x_wconf 79' lang='lat' dir='ltr'><strong>praeclarus</strong></span> <span class='ocrx_word' id='word_1_33' title='bbox 426 879 552 919; x_wconf 82' lang='lat' dir='ltr'><strong>artifex,</strong></span> 
     </span>
     <span class='ocr_line' id='line_1_16' title="bbox 176 927 362 966; baseline -0.011 -7"><span class='ocrx_word' id='word_1_34' title='bbox 176 927 362 966; x_wconf 86' lang='lat' dir='ltr'><strong>Prosperari</strong></span> 
     </span>
    </p>

    <p class='ocr_par' dir='ltr' id='par_1_11' title="bbox 137 974 529 1062">
     <span class='ocr_line' id='line_1_17' title="bbox 224 974 529 1013; baseline 0.003 -8"><span class='ocrx_word' id='word_1_35' title='bbox 224 974 326 1006; x_wconf 87' lang='lat' dir='ltr'><strong>sciens</strong></span> <span class='ocrx_word' id='word_1_36' title='bbox 348 974 382 1005; x_wconf 90' lang='lat' dir='ltr'><strong>in</strong></span> <span class='ocrx_word' id='word_1_37' title='bbox 407 982 529 1013; x_wconf 85' lang='lat' dir='ltr'><strong>aspero.</strong></span> 
     </span>
     <span class='ocr_line' id='line_1_18' title="bbox 137 1020 482 1062; baseline -0.006 -8"><span class='ocrx_word' id='word_1_38' title='bbox 137 1049 144 1054; x_wconf 94' lang='lat'>.</span> <span class='ocrx_word' id='word_1_39' title='bbox 175 1021 303 1062; x_wconf 80' lang='lat' dir='ltr'><strong>Scimus,</strong></span> <span class='ocrx_word' id='word_1_40' title='bbox 332 1021 415 1059; x_wconf 86' lang='lat' dir='ltr'><strong>quod</strong></span> <span class='ocrx_word' id='word_1_41' title='bbox 439 1020 482 1061; x_wconf 88' lang='lat' dir='ltr'><strong>hi,</strong></span> 
     </span>
    </p>

    <p class='ocr_par' dir='ltr' id='par_1_12' title="bbox 178 1067 573 1146">
     <span class='ocr_line' id='line_1_19' title="bbox 226 1067 573 1107; baseline 0.009 -9"><span class='ocrx_word' id='word_1_42' title='bbox 226 1068 279 1107; x_wconf 90' lang='lat' dir='ltr'><strong>qui</strong></span> <span class='ocrx_word' id='word_1_43' title='bbox 300 1067 401 1099; x_wconf 90' lang='lat' dir='ltr'><strong>Deum</strong></span> <span class='ocrx_word' id='word_1_44' title='bbox 429 1067 573 1107; x_wconf 80' lang='lat' dir='ltr'><strong>diligunt,</strong></span> 
     </span>
     <span class='ocr_line' id='line_1_20' title="bbox 178 1114 401 1146; baseline -0.004 0"><span class='ocrx_word' id='word_1_45' title='bbox 178 1114 285 1146; x_wconf 79' lang='lat' dir='ltr'><strong>Rebus</strong></span> <span class='ocrx_word' id='word_1_46' title='bbox 310 1114 401 1146; x_wconf 80' lang='lat' dir='ltr'><strong>bonis</strong></span> 
     </span>
    </p>

    <p class='ocr_par' dir='ltr' id='par_1_13' title="bbox 224 1161 553 1200">
     <span class='ocr_line' id='line_1_21' title="bbox 224 1161 553 1200; baseline 0.003 -8"><span class='ocrx_word' id='word_1_47' title='bbox 224 1161 373 1193; x_wconf 80' lang='lat' dir='ltr'><strong>adversas</strong></span> <span class='ocrx_word' id='word_1_48' title='bbox 398 1161 553 1200; x_wconf 75' lang='lat' dir='ltr'><strong>subigunt.</strong></span> 
     </span>
    </p>
   </div>
   <div class='ocr_carea' id='block_1_6' title="bbox 143 1221 604 1962">
    <p class='ocr_par' dir='ltr' id='par_1_14' title="bbox 146 1221 571 1347">
     <span class='ocr_line' id='line_1_22' title="bbox 146 1221 508 1261; baseline -0.008 -7"><span class='ocrx_word' id='word_1_49' title='bbox 146 1247 153 1254; x_wconf 90' lang='lat'><strong><em>.</em></strong></span> <span class='ocrx_word' id='word_1_50' title='bbox 179 1221 285 1260; x_wconf 78' lang='lat' dir='ltr'><strong>Qualis</strong></span> <span class='ocrx_word' id='word_1_51' title='bbox 309 1221 352 1253; x_wconf 88' lang='lat' dir='ltr'><strong>sit</strong></span> <span class='ocrx_word' id='word_1_52' title='bbox 375 1229 508 1261; x_wconf 86' lang='lat' dir='ltr'><strong>operans</strong></span> 
     </span>
     <span class='ocr_line' id='line_1_23' title="bbox 225 1267 498 1308; baseline -0.004 -9"><span class='ocrx_word' id='word_1_53' title='bbox 225 1270 314 1307; x_wconf 85' lang='lat' dir='ltr'><strong>patet</strong></span> <span class='ocrx_word' id='word_1_54' title='bbox 335 1267 369 1298; x_wconf 85' lang='lat' dir='ltr'><strong>in</strong></span> <span class='ocrx_word' id='word_1_55' title='bbox 393 1276 498 1308; x_wconf 82' lang='lat' dir='ltr'><strong>opere,</strong></span> 
     </span>
     <span class='ocr_line' id='line_1_24' title="bbox 176 1313 571 1347; baseline -0.003 0"><span class='ocrx_word' id='word_1_56' title='bbox 176 1314 257 1347; x_wconf 82' lang='lat' dir='ltr'><strong>Nam</strong></span> <span class='ocrx_word' id='word_1_57' title='bbox 282 1313 402 1346; x_wconf 80' lang='lat' dir='ltr'><strong>fructus</strong></span> <span class='ocrx_word' id='word_1_58' title='bbox 427 1315 571 1346; x_wconf 87' lang='lat' dir='ltr'><strong>arborem</strong></span> 
     </span>
    </p>

    <p class='ocr_par' dir='ltr' id='par_1_15' title="bbox 177 1360 604 1448">
     <span class='ocr_line' id='line_1_25' title="bbox 226 1360 604 1404; baseline 0.003 -12"><span class='ocrx_word' id='word_1_59' title='bbox 226 1361 334 1400; x_wconf 83' lang='lat' dir='ltr'><strong>prodit</strong></span> <span class='ocrx_word' id='word_1_60' title='bbox 359 1360 407 1392; x_wconf 89' lang='lat' dir='ltr'><strong>vel</strong></span> <span class='ocrx_word' id='word_1_61' title='bbox 430 1362 604 1404; x_wconf 85' lang='lat' dir='ltr'><strong>praedicat,</strong></span> 
     </span>
     <span class='ocr_line' id='line_1_26' title="bbox 177 1407 473 1448; baseline -0.003 -8"><span class='ocrx_word' id='word_1_62' title='bbox 177 1408 268 1441; x_wconf 83' lang='lat' dir='ltr'><strong>Prius</strong></span> <span class='ocrx_word' id='word_1_63' title='bbox 292 1407 473 1448; x_wconf 80' lang='lat' dir='ltr'><strong>aggreditur</strong></span> 
     </span>
    </p>

    <p class='ocr_par' dir='ltr' id='par_1_16' title="bbox 183 1454 538 1540">
     <span class='ocr_line' id='line_1_27' title="bbox 226 1454 538 1497; baseline 0 -11"><span class='ocrx_word' id='word_1_64' title='bbox 226 1455 352 1494; x_wconf 80' lang='lat' dir='ltr'><strong>praesul</strong></span> <span class='ocrx_word' id='word_1_65' title='bbox 376 1454 410 1486; x_wconf 88' lang='lat' dir='ltr'><strong>id</strong></span> <span class='ocrx_word' id='word_1_66' title='bbox 435 1463 538 1497; x_wconf 86' lang='lat' dir='ltr'><strong>agere,</strong></span> 
     </span>
     <span class='ocr_line' id='line_1_28' title="bbox 183 1501 500 1540; baseline -0.003 -7"><span class='ocrx_word' id='word_1_67' title='bbox 183 1501 271 1540; x_wconf 79' lang='lat' dir='ltr'><strong>Quod</strong></span> <span class='ocrx_word' id='word_1_68' title='bbox 296 1510 330 1533; x_wconf 91' lang='lat' dir='ltr'><strong>se</strong></span> <span class='ocrx_word' id='word_1_69' title='bbox 355 1501 500 1533; x_wconf 87' lang='lat' dir='ltr'><strong>continuo</strong></span> 
     </span>
    </p>

    <p class='ocr_par' dir='ltr' id='par_1_17' title="bbox 180 1547 546 1634">
     <span class='ocr_line' id='line_1_29' title="bbox 228 1547 546 1591; baseline 0 -11"><span class='ocrx_word' id='word_1_70' title='bbox 228 1549 392 1580; x_wconf 82' lang='lat' dir='ltr'><strong>docturum</strong></span> <span class='ocrx_word' id='word_1_71' title='bbox 415 1547 546 1591; x_wconf 79' lang='lat' dir='ltr'><strong>indicat,</strong></span> 
     </span>
     <span class='ocr_line' id='line_1_30' title="bbox 180 1594 478 1634; baseline 0.003 -9"><span class='ocrx_word' id='word_1_72' title='bbox 180 1594 224 1626; x_wconf 90' lang='lat' dir='ltr'><strong>Et</strong></span> <span class='ocrx_word' id='word_1_73' title='bbox 249 1595 328 1626; x_wconf 90' lang='lat' dir='ltr'><strong>illud</strong></span> <span class='ocrx_word' id='word_1_74' title='bbox 353 1594 478 1634; x_wconf 87' lang='lat' dir='ltr'><strong>penitus</strong></span> 
     </span>
    </p>

    <p class='ocr_par' dir='ltr' id='par_1_18' title="bbox 183 1641 564 1727">
     <span class='ocr_line' id='line_1_31' title="bbox 228 1641 564 1683; baseline 0.003 -11"><span class='ocrx_word' id='word_1_75' title='bbox 228 1642 350 1681; x_wconf 81' lang='lat' dir='ltr'><strong>spernit</strong></span> <span class='ocrx_word' id='word_1_76' title='bbox 374 1645 405 1672; x_wconf 84' lang='lat' dir='ltr'><strong>el:</strong></span> <span class='ocrx_word' id='word_1_77' title='bbox 427 1641 564 1683; x_wconf 80' lang='lat' dir='ltr'><strong>abdicat,</strong></span> 
     </span>
     <span class='ocr_line' id='line_1_32' title="bbox 183 1687 538 1727; baseline 0 -8"><span class='ocrx_word' id='word_1_78' title='bbox 183 1687 271 1726; x_wconf 79' lang='lat' dir='ltr'><strong>Quod</strong></span> <span class='ocrx_word' id='word_1_79' title='bbox 296 1688 364 1719; x_wconf 89' lang='lat' dir='ltr'><strong>Deo</strong></span> <span class='ocrx_word' id='word_1_80' title='bbox 391 1687 538 1727; x_wconf 89' lang='lat' dir='ltr'><strong>displicet</strong></span> 
     </span>
    </p>

    <p class='ocr_par' dir='ltr' id='par_1_19' title="bbox 143 1736 544 1821">
     <span class='ocr_line' id='line_1_33' title="bbox 226 1736 544 1775; baseline 0 -9"><span class='ocrx_word' id='word_1_81' title='bbox 226 1737 385 1774; x_wconf 85' lang='lat' dir='ltr'><strong>patratum</strong></span> <span class='ocrx_word' id='word_1_82' title='bbox 411 1736 544 1775; x_wconf 83' lang='lat' dir='ltr'><strong>temere3</strong></span> 
     </span>
     <span class='ocr_line' id='line_1_34' title="bbox 143 1781 382 1821; baseline -0.008 -7"><span class='ocrx_word' id='word_1_83' title='bbox 143 1809 149 1814; x_wconf 92' lang='lat'>.</span> <span class='ocrx_word' id='word_1_84' title='bbox 180 1781 275 1821; x_wconf 80' lang='lat' dir='ltr'><strong>Cujus</strong></span> <span class='ocrx_word' id='word_1_85' title='bbox 300 1781 382 1813; x_wconf 87' lang='lat' dir='ltr'><strong>enim</strong></span> 
     </span>
    </p>

    <p class='ocr_par' dir='ltr' id='par_1_20' title="bbox 183 1828 498 1915">
     <span class='ocr_line' id='line_1_35' title="bbox 227 1828 498 1867; baseline 0 -7"><span class='ocrx_word' id='word_1_86' title='bbox 227 1829 292 1860; x_wconf 83' lang='lat' dir='ltr'><strong>vita</strong></span> <span class='ocrx_word' id='word_1_87' title='bbox 318 1828 498 1867; x_wconf 74' lang='lat' dir='ltr'><strong>despicitur,</strong></span> 
     </span>
     <span class='ocr_line' id='line_1_36' title="bbox 183 1875 444 1915; baseline -0.011 -6"><span class='ocrx_word' id='word_1_88' title='bbox 183 1876 225 1909; x_wconf 82' lang='lat' dir='ltr'><strong>Et</strong></span> <span class='ocrx_word' id='word_1_89' title='bbox 249 1875 444 1915; x_wconf 86' lang='lat' dir='ltr'><strong>praedicatio</strong></span> 
     </span>
    </p>

    <p class='ocr_par' dir='ltr' id='par_1_21' title="bbox 225 1923 540 1962">
     <span class='ocr_line' id='line_1_37' title="bbox 225 1923 540 1962; baseline -0.003 -8"><span class='ocrx_word' id='word_1_90' title='bbox 225 1923 298 1962; x_wconf 86' lang='lat' dir='ltr'><strong>jure</strong></span> <span class='ocrx_word' id='word_1_91' title='bbox 322 1923 540 1957; x_wconf 81' lang='lat' dir='ltr'><strong>contemnitur,</strong></span> 
     </span>
    </p>
   </div>
   <div class='ocr_carea' id='block_1_7' title="bbox 152 1983 521 2353">
    <p class='ocr_par' dir='ltr' id='par_1_22' title="bbox 152 1983 393 2018">
     <span class='ocr_line' id='line_1_38' title="bbox 152 1983 393 2018; baseline -0.017 0"><span class='ocrx_word' id='word_1_92' title='bbox 152 2011 161 2018; x_wconf 79' lang='grc'><strong>.</strong></span> <span class='ocrx_word' id='word_1_93' title='bbox 186 1984 211 2016; x_wconf 92' lang='grc' dir='ltr'><strong>Ο</strong></span> <span class='ocrx_word' id='word_1_94' title='bbox 238 1983 393 2016; x_wconf 82' lang='lat' dir='ltr'><strong>celebrem</strong></span> 
     </span>
    </p>

    <p class='ocr_par' dir='ltr' id='par_1_23' title="bbox 187 2030 504 2117">
     <span class='ocr_line' id='line_1_39' title="bbox 230 2030 504 2069; baseline -0.004 -7"><span class='ocrx_word' id='word_1_95' title='bbox 230 2030 290 2062; x_wconf 88' lang='lat' dir='ltr'><strong>viri</strong></span> <span class='ocrx_word' id='word_1_96' title='bbox 314 2030 504 2069; x_wconf 86' lang='lat' dir='ltr'><strong>memoriam,</strong></span> 
     </span>
     <span class='ocr_line' id='line_1_40' title="bbox 187 2078 410 2117; baseline -0.004 -8"><span class='ocrx_word' id='word_1_97' title='bbox 187 2079 273 2117; x_wconf 77' lang='lat' dir='ltr'><strong>Quae</strong></span> <span class='ocrx_word' id='word_1_98' title='bbox 297 2078 410 2109; x_wconf 87' lang='lat' dir='ltr'><strong>claruit</strong></span> 
     </span>
    </p>

    <p class='ocr_par' dir='ltr' id='par_1_24' title="bbox 183 2125 515 2210">
     <span class='ocr_line' id='line_1_41' title="bbox 229 2125 515 2163; baseline 0.003 -8"><span class='ocrx_word' id='word_1_99' title='bbox 229 2125 324 2163; x_wconf 91' lang='lat' dir='ltr'><strong>plena</strong></span> <span class='ocrx_word' id='word_1_100' title='bbox 348 2125 515 2162; x_wconf 55' lang='lat' dir='ltr'><strong>miraculis</strong></span> 
     </span>
     <span class='ocr_line' id='line_1_42' title="bbox 183 2171 441 2210; baseline -0.004 -6"><span class='ocrx_word' id='word_1_101' title='bbox 183 2171 267 2204; x_wconf 86' lang='lat' dir='ltr'><strong>Huic</strong></span> <span class='ocrx_word' id='word_1_102' title='bbox 290 2171 441 2210; x_wconf 82' lang='lat' dir='ltr'><strong>Magdala</strong></span> 
     </span>
    </p>

    <p class='ocr_par' dir='ltr' id='par_1_25' title="bbox 184 2218 521 2304">
     <span class='ocr_line' id='line_1_43' title="bbox 229 2218 521 2250; baseline 0 -1"><span class='ocrx_word' id='word_1_103' title='bbox 229 2227 265 2249; x_wconf 87' lang='lat' dir='ltr'><strong>se</strong></span> <span class='ocrx_word' id='word_1_104' title='bbox 290 2218 380 2250; x_wconf 83' lang='lat' dir='ltr'><strong>dedit</strong></span> <span class='ocrx_word' id='word_1_105' title='bbox 404 2219 521 2250; x_wconf 81' lang='lat' dir='ltr'><strong>sociam</strong></span> 
     </span>
     <span class='ocr_line' id='line_1_44' title="bbox 184 2265 347 2304; baseline -0.018 -5"><span class='ocrx_word' id='word_1_106' title='bbox 184 2265 347 2304; x_wconf 85' lang='lat' dir='ltr'><strong>obsequiis</strong></span> 
     </span>
    </p>

    <p class='ocr_par' dir='ltr' id='par_1_26' title="bbox 232 2311 520 2353">
     <span class='ocr_line' id='line_1_45' title="bbox 232 2311 520 2353; baseline 0 -9"><span class='ocrx_word' id='word_1_107' title='bbox 232 2315 263 2344; x_wconf 90' lang='lat' dir='ltr'><strong>et</strong></span> <span class='ocrx_word' id='word_1_108' title='bbox 286 2311 368 2344; x_wconf 81' lang='lat' dir='ltr'><strong>votis</strong></span> <span class='ocrx_word' id='word_1_109' title='bbox 392 2312 520 2353; x_wconf 84' lang='lat' dir='ltr'><strong>sedulis,</strong></span> 
     </span>
    </p>
   </div>
   <div class='ocr_carea' id='block_1_8' title="bbox 641 71 892 106">
    <p class='ocr_par' dir='ltr' id='par_1_27' title="bbox 641 71 892 106">
     <span class='ocr_line' id='line_1_46' title="bbox 641 71 892 106; baseline -0.008 0"><span class='ocrx_word' id='word_1_110' title='bbox 641 71 892 106; x_wconf 45' lang='lat'>*162-</span> 
     </span>
    </p>
   </div>
   <div class='ocr_carea' id='block_1_9' title="bbox 849 166 1176 345">
    <p class='ocr_par' dir='ltr' id='par_1_28' title="bbox 849 166 1176 345">
     <span class='ocr_line' id='line_1_47' title="bbox 850 166 1148 205; baseline -0.003 -8"><span class='ocrx_word' id='word_1_111' title='bbox 850 166 990 197; x_wconf 80' lang='lat' dir='ltr'><strong>Mentem</strong></span> <span class='ocrx_word' id='word_1_112' title='bbox 1014 173 1148 205; x_wconf 78' lang='lat' dir='ltr'><strong>pascens</strong></span> 
     </span>
     <span class='ocr_line' id='line_1_48' title="bbox 899 210 1176 253; baseline -0.011 -8"><span class='ocrx_word' id='word_1_113' title='bbox 899 212 1012 245; x_wconf 89' lang='lat' dir='ltr'><strong>divinis</strong></span> <span class='ocrx_word' id='word_1_114' title='bbox 1038 210 1176 253; x_wconf 78' lang='lat' dir='ltr'><strong>ferculis,</strong></span> 
     </span>
     <span class='ocr_line' id='line_1_49' title="bbox 849 259 1067 298; baseline -0.005 -7"><span class='ocrx_word' id='word_1_115' title='bbox 849 259 934 298; x_wconf 81' lang='lat' dir='ltr'><strong>Quae</strong></span> <span class='ocrx_word' id='word_1_116' title='bbox 957 259 1067 291; x_wconf 78' lang='lat' dir='ltr'><strong>sitiens</strong></span> 
     </span>
     <span class='ocr_line' id='line_1_50' title="bbox 897 305 1154 345; baseline 0.008 -8"><span class='ocrx_word' id='word_1_117' title='bbox 897 309 966 338; x_wconf 85' lang='lat' dir='ltr'><strong>erat</strong></span> <span class='ocrx_word' id='word_1_118' title='bbox 987 305 1154 345; x_wconf 84' lang='lat' dir='ltr'><strong>justitiam.</strong></span> 
     </span>
    </p>
   </div>
   <div class='ocr_carea' id='block_1_10' title="bbox 811 352 1191 393">
    <p class='ocr_par' dir='ltr' id='par_1_29' title="bbox 811 352 1191 393">
     <span class='ocr_line' id='line_1_51' title="bbox 811 352 1191 393; baseline -0.003 -8"><span class='ocrx_word' id='word_1_119' title='bbox 811 378 818 385; x_wconf 93' lang='lat'><em>.</em></span> <span class='ocrx_word' id='word_1_120' title='bbox 849 353 982 385; x_wconf 85' lang='lat' dir='ltr'><strong>Beatum</strong></span> <span class='ocrx_word' id='word_1_121' title='bbox 1007 352 1191 393; x_wconf 90' lang='lat' dir='ltr'><strong>comprobat</strong></span> 
     </span>
    </p>
   </div>
   <div class='ocr_carea' id='block_1_11' title="bbox 851 399 1184 533">
    <p class='ocr_par' dir='ltr' id='par_1_30' title="bbox 851 399 1184 533">
     <span class='ocr_line' id='line_1_52' title="bbox 896 399 1184 440; baseline 0 -9"><span class='ocrx_word' id='word_1_122' title='bbox 896 399 1030 440; x_wconf 85' lang='lat' dir='ltr'><strong>largitor</strong></span> <span class='ocrx_word' id='word_1_123' title='bbox 1054 400 1184 439; x_wconf 87' lang='lat' dir='ltr'><strong>gratiae,</strong></span> 
     </span>
     <span class='ocr_line' id='line_1_53' title="bbox 851 444 1180 486; baseline -0.006 -7"><span class='ocrx_word' id='word_1_124' title='bbox 851 444 911 486; x_wconf 73' lang='lat' dir='ltr'><strong>Qui</strong></span> <span class='ocrx_word' id='word_1_125' title='bbox 933 455 1057 486; x_wconf 77' lang='lat' dir='ltr'><strong>semper</strong></span> <span class='ocrx_word' id='word_1_126' title='bbox 1082 446 1180 478; x_wconf 88' lang='lat' dir='ltr'><strong>esurit</strong></span> 
     </span>
     <span class='ocr_line' id='line_1_54' title="bbox 900 492 1175 533; baseline 0.007 -9"><span class='ocrx_word' id='word_1_127' title='bbox 900 493 1002 525; x_wconf 88' lang='lat' dir='ltr'><strong>cibum</strong></span> <span class='ocrx_word' id='word_1_128' title='bbox 1024 492 1175 533; x_wconf 86' lang='lat' dir='ltr'><strong>justitiae.</strong></span> 
     </span>
    </p>
   </div>
   <div class='ocr_carea' id='block_1_12' title="bbox 910 604 1270 637">
    <p class='ocr_par' dir='ltr' id='par_1_31' title="bbox 910 604 1270 637">
     <span class='ocr_line' id='line_1_55' title="bbox 910 604 1270 637; baseline 0.003 -1"><span class='ocrx_word' id='word_1_129' title='bbox 910 606 957 637; x_wconf 80' lang='lat' dir='ltr'><strong>In</strong></span> <span class='ocrx_word' id='word_1_130' title='bbox 981 606 1012 637; x_wconf 84' lang='lat'><strong>2.</strong></span> <span class='ocrx_word' id='word_1_131' title='bbox 1037 604 1270 637; x_wconf 78' lang='lat' dir='ltr'><strong>Nocturno.</strong></span> 
     </span>
    </p>
   </div>
   <div class='ocr_carea' id='block_1_13' title="bbox 1000 679 1192 714">
    <p class='ocr_par' dir='ltr' id='par_1_32' title="bbox 1000 679 1192 714">
     <span class='ocr_line' id='line_1_56' title="bbox 1000 679 1192 714; baseline 0 -8"><span class='ocrx_word' id='word_1_132' title='bbox 1000 679 1192 714; x_wconf 73' lang='lat' dir='ltr'><strong>Antiphonae.</strong></span> 
     </span>
    </p>
   </div>
   <div class='ocr_carea' id='block_1_14' title="bbox 821 745 1104 779">
    <p class='ocr_par' dir='ltr' id='par_1_33' title="bbox 821 745 1104 779">
     <span class='ocr_line' id='line_1_57' title="bbox 821 745 1104 779; baseline -0.007 0"><span class='ocrx_word' id='word_1_133' title='bbox 821 772 828 779; x_wconf 92' lang='lat'><strong><em>.</em></strong></span> <span class='ocrx_word' id='word_1_134' title='bbox 853 746 976 778; x_wconf 85' lang='lat' dir='ltr'><strong>Horum</strong></span> <span class='ocrx_word' id='word_1_135' title='bbox 1000 745 1104 777; x_wconf 82' lang='lat' dir='ltr'><strong>nullus</strong></span> 
     </span>
    </p>
   </div>
   <div class='ocr_carea' id='block_1_15' title="bbox 853 792 1235 1106">
    <p class='ocr_par' dir='ltr' id='par_1_34' title="bbox 854 792 1235 879">
     <span class='ocr_line' id='line_1_58' title="bbox 900 792 1235 833; baseline -0.006 -8"><span class='ocrx_word' id='word_1_136' title='bbox 900 792 1037 825; x_wconf 85' lang='lat' dir='ltr'><strong>habebat</strong></span> <span class='ocrx_word' id='word_1_137' title='bbox 1060 793 1235 833; x_wconf 88' lang='lat' dir='ltr'><strong>proprium,</strong></span> 
     </span>
     <span class='ocr_line' id='line_1_59' title="bbox 854 838 1124 879; baseline -0.004 -8"><span class='ocrx_word' id='word_1_138' title='bbox 854 839 918 872; x_wconf 85' lang='lat' dir='ltr'><strong>Sed</strong></span> <span class='ocrx_word' id='word_1_139' title='bbox 943 838 1124 879; x_wconf 84' lang='lat' dir='ltr'><strong>gaudebant</strong></span> 
     </span>
    </p>

    <p class='ocr_par' dir='ltr' id='par_1_35' title="bbox 853 886 1202 966">
     <span class='ocr_line' id='line_1_60' title="bbox 898 886 1202 927; baseline 0 -10"><span class='ocrx_word' id='word_1_140' title='bbox 898 895 958 917; x_wconf 86' lang='lat' dir='ltr'><strong>usu</strong></span> <span class='ocrx_word' id='word_1_141' title='bbox 983 886 1202 927; x_wconf 82' lang='lat' dir='ltr'><strong>communium,</strong></span> 
     </span>
     <span class='ocr_line' id='line_1_61' title="bbox 853 933 1071 966; baseline -0.014 0"><span class='ocrx_word' id='word_1_142' title='bbox 853 933 955 966; x_wconf 85' lang='lat' dir='ltr'><strong>Unam</strong></span> <span class='ocrx_word' id='word_1_143' title='bbox 977 933 1071 965; x_wconf 82' lang='lat' dir='ltr'><strong>simul</strong></span> 
     </span>
    </p>

    <p class='ocr_par' dir='ltr' id='par_1_36' title="bbox 854 979 1218 1058">
     <span class='ocr_line' id='line_1_62' title="bbox 900 979 1218 1019; baseline 0.003 -9"><span class='ocrx_word' id='word_1_144' title='bbox 900 982 1058 1019; x_wconf 81' lang='lat' dir='ltr'><strong>gestantes</strong></span> <span class='ocrx_word' id='word_1_145' title='bbox 1083 979 1218 1011; x_wconf 89' lang='lat' dir='ltr'><strong>animam</strong></span> 
     </span>
     <span class='ocr_line' id='line_1_63' title="bbox 854 1026 1100 1058; baseline -0.004 0"><span class='ocrx_word' id='word_1_146' title='bbox 854 1026 966 1058; x_wconf 87' lang='lat' dir='ltr'><strong>Curam</strong></span> <span class='ocrx_word' id='word_1_147' title='bbox 991 1026 1100 1058; x_wconf 88' lang='lat' dir='ltr'><strong>mundi</strong></span> 
     </span>
    </p>

    <p class='ocr_par' dir='ltr' id='par_1_37' title="bbox 902 1072 1231 1106">
     <span class='ocr_line' id='line_1_64' title="bbox 902 1072 1231 1106; baseline 0.003 -1"><span class='ocrx_word' id='word_1_148' title='bbox 902 1072 1059 1105; x_wconf 88' lang='lat' dir='ltr'><strong>ducebant</strong></span> <span class='ocrx_word' id='word_1_149' title='bbox 1082 1072 1231 1106; x_wconf 87' lang='lat' dir='ltr'><strong>infimam.</strong></span> 
     </span>
    </p>
   </div>
   <div class='ocr_carea' id='block_1_16' title="bbox 822 1129 1146 1169">
    <p class='ocr_par' dir='ltr' id='par_1_38' title="bbox 822 1129 1146 1169">
     <span class='ocr_line' id='line_1_65' title="bbox 822 1129 1146 1169; baseline -0.006 -7"><span class='ocrx_word' id='word_1_150' title='bbox 822 1155 829 1162; x_wconf 90' lang='lat'><em>.</em></span> <span class='ocrx_word' id='word_1_151' title='bbox 857 1129 1025 1162; x_wconf 83' lang='lat' dir='ltr'><strong>Crescebat</strong></span> <span class='ocrx_word' id='word_1_152' title='bbox 1049 1129 1146 1169; x_wconf 76' lang='lat' dir='ltr'><strong>igitur</strong></span> 
     </span>
    </p>
   </div>
   <div class='ocr_carea' id='block_1_17' title="bbox 853 1176 1266 1496">
    <p class='ocr_par' dir='ltr' id='par_1_39' title="bbox 855 1176 1266 1262">
     <span class='ocr_line' id='line_1_66' title="bbox 901 1176 1266 1216; baseline 0 -9"><span class='ocrx_word' id='word_1_153' title='bbox 901 1176 1083 1207; x_wconf 86' lang='lat' dir='ltr'><strong>credentum</strong></span> <span class='ocrx_word' id='word_1_154' title='bbox 1108 1185 1266 1216; x_wconf 83' lang='lat' dir='ltr'><strong>numerus,</strong></span> 
     </span>
     <span class='ocr_line' id='line_1_67' title="bbox 855 1221 1181 1262; baseline -0.003 -8"><span class='ocrx_word' id='word_1_155' title='bbox 855 1223 937 1261; x_wconf 80' lang='lat' dir='ltr'><strong>Quos</strong></span> <span class='ocrx_word' id='word_1_156' title='bbox 961 1221 1057 1255; x_wconf 86' lang='lat' dir='ltr'><strong>fontis</strong></span> <span class='ocrx_word' id='word_1_157' title='bbox 1082 1222 1181 1262; x_wconf 87' lang='lat' dir='ltr'><strong>typici</strong></span> 
     </span>
    </p>

    <p class='ocr_par' dir='ltr' id='par_1_40' title="bbox 853 1268 1195 1348">
     <span class='ocr_line' id='line_1_68' title="bbox 901 1268 1195 1308; baseline 0 -7"><span class='ocrx_word' id='word_1_158' title='bbox 901 1268 1055 1301; x_wconf 78' lang='lat' dir='ltr'><strong>fundebat</strong></span> <span class='ocrx_word' id='word_1_159' title='bbox 1075 1272 1195 1308; x_wconf 86' lang='lat' dir='ltr'><strong>uterus,</strong></span> 
     </span>
     <span class='ocr_line' id='line_1_69' title="bbox 853 1314 1187 1348; baseline -0.003 0"><span class='ocrx_word' id='word_1_160' title='bbox 853 1316 1028 1348; x_wconf 84' lang='lat' dir='ltr'><strong>Haerentes</strong></span> <span class='ocrx_word' id='word_1_161' title='bbox 1054 1314 1187 1347; x_wconf 86' lang='lat' dir='ltr'><strong>firmiter</strong></span> 
     </span>
    </p>

    <p class='ocr_par' dir='ltr' id='par_1_41' title="bbox 855 1363 1216 1441">
     <span class='ocr_line' id='line_1_70' title="bbox 901 1363 1216 1403; baseline 0 -9"><span class='ocrx_word' id='word_1_162' title='bbox 901 1364 933 1394; x_wconf 89' lang='lat' dir='ltr'><strong>in</strong></span> <span class='ocrx_word' id='word_1_163' title='bbox 958 1371 1078 1394; x_wconf 88' lang='lat' dir='ltr'><strong>morum</strong></span> <span class='ocrx_word' id='word_1_164' title='bbox 1101 1363 1216 1403; x_wconf 90' lang='lat' dir='ltr'><strong>studio,</strong></span> 
     </span>
     <span class='ocr_line' id='line_1_71' title="bbox 855 1409 1139 1441; baseline 0 0"><span class='ocrx_word' id='word_1_165' title='bbox 855 1409 963 1441; x_wconf 88' lang='lat' dir='ltr'><strong>Proles</strong></span> <span class='ocrx_word' id='word_1_166' title='bbox 987 1409 1139 1441; x_wconf 85' lang='lat' dir='ltr'><strong>ecclesiae</strong></span> 
     </span>
    </p>

    <p class='ocr_par' dir='ltr' id='par_1_42' title="bbox 900 1456 1187 1496">
     <span class='ocr_line' id='line_1_72' title="bbox 900 1456 1187 1496; baseline -0.003 -8"><span class='ocrx_word' id='word_1_167' title='bbox 900 1457 1041 1496; x_wconf 88' lang='lat' dir='ltr'><strong>repletur</strong></span> <span class='ocrx_word' id='word_1_168' title='bbox 1064 1456 1187 1495; x_wconf 84' lang='lat' dir='ltr'><strong>gaudio.</strong></span> 
     </span>
    </p>
   </div>
   <div class='ocr_carea' id='block_1_18' title="bbox 821 1512 1067 1546">
    <p class='ocr_par' dir='ltr' id='par_1_43' title="bbox 821 1512 1067 1546">
     <span class='ocr_line' id='line_1_73' title="bbox 821 1512 1067 1546; baseline -0.012 0"><span class='ocrx_word' id='word_1_169' title='bbox 821 1539 828 1546; x_wconf 93' lang='lat'><em>.</em></span> <span class='ocrx_word' id='word_1_170' title='bbox 857 1513 900 1545; x_wconf 91' lang='lat' dir='ltr'><strong>Ut</strong></span> <span class='ocrx_word' id='word_1_171' title='bbox 925 1512 1067 1544; x_wconf 84' lang='lat' dir='ltr'><strong>effectum</strong></span> 
     </span>
    </p>
   </div>
   <div class='ocr_carea' id='block_1_19' title="bbox 855 1559 1233 1876">
    <p class='ocr_par' dir='ltr' id='par_1_44' title="bbox 855 1559 1209 1638">
     <span class='ocr_line' id='line_1_74' title="bbox 902 1559 1209 1600; baseline 0.003 -10"><span class='ocrx_word' id='word_1_172' title='bbox 902 1559 1064 1591; x_wconf 75' lang='lat' dir='ltr'><strong>conferent</strong></span> <span class='ocrx_word' id='word_1_173' title='bbox 1086 1559 1209 1600; x_wconf 75' lang='lat' dir='ltr'><strong>sceleri,</strong></span> 
     </span>
     <span class='ocr_line' id='line_1_75' title="bbox 855 1607 1046 1638; baseline 0 -1"><span class='ocrx_word' id='word_1_174' title='bbox 855 1607 1046 1638; x_wconf 86' lang='lat' dir='ltr'><strong>Animarunt</strong></span> 
     </span>
    </p>

    <p class='ocr_par' dir='ltr' id='par_1_45' title="bbox 857 1653 1233 1732">
     <span class='ocr_line' id='line_1_76' title="bbox 903 1653 1233 1694; baseline 0.003 -10"><span class='ocrx_word' id='word_1_175' title='bbox 903 1653 1028 1693; x_wconf 88' lang='lat' dir='ltr'><strong>plebem</strong></span> <span class='ocrx_word' id='word_1_176' title='bbox 1053 1653 1233 1694; x_wconf 84' lang='lat' dir='ltr'><strong>presbyteri</strong></span> 
     </span>
     <span class='ocr_line' id='line_1_77' title="bbox 857 1700 1035 1732; baseline -0.006 0"><span class='ocrx_word' id='word_1_177' title='bbox 857 1701 895 1732; x_wconf 80' lang='lat' dir='ltr'><strong>In</strong></span> <span class='ocrx_word' id='word_1_178' title='bbox 918 1700 1035 1732; x_wconf 85' lang='lat' dir='ltr'><strong>levitae</strong></span> 
     </span>
    </p>

    <p class='ocr_par' dir='ltr' id='par_1_46' title="bbox 858 1747 1226 1835">
     <span class='ocr_line' id='line_1_78' title="bbox 904 1747 1226 1787; baseline -0.003 -7"><span class='ocrx_word' id='word_1_179' title='bbox 904 1747 1020 1780; x_wconf 86' lang='lat' dir='ltr'><strong>Christi</strong></span> <span class='ocrx_word' id='word_1_180' title='bbox 1045 1748 1226 1787; x_wconf 82' lang='lat' dir='ltr'><strong>perniciem,</strong></span> 
     </span>
     <span class='ocr_line' id='line_1_79' title="bbox 858 1795 1105 1835; baseline -0.004 -8"><span class='ocrx_word' id='word_1_181' title='bbox 858 1795 1105 1835; x_wconf 79' lang='lat' dir='ltr'><strong>contorquentes</strong></span> 
     </span>
    </p>

    <p class='ocr_par' dir='ltr' id='par_1_47' title="bbox 903 1842 1216 1876">
     <span class='ocr_line' id='line_1_80' title="bbox 903 1842 1216 1876; baseline 0.01 -4"><span class='ocrx_word' id='word_1_182' title='bbox 903 1850 973 1872; x_wconf 88' lang='lat' dir='ltr'><strong>cum</strong></span> <span class='ocrx_word' id='word_1_183' title='bbox 996 1843 1082 1873; x_wconf 69' lang='lat' dir='ltr'><strong>saxis</strong></span> <span class='ocrx_word' id='word_1_184' title='bbox 1102 1842 1216 1876; x_wconf 60' lang='lat' dir='ltr'><strong>aciem.</strong></span> 
     </span>
    </p>
   </div>
   <div class='ocr_carea' id='block_1_20' title="bbox 996 1926 1201 1961">
    <p class='ocr_par' dir='ltr' id='par_1_48' title="bbox 996 1926 1201 1961">
     <span class='ocr_line' id='line_1_81' title="bbox 996 1926 1201 1961; baseline -0.005 -8"><span class='ocrx_word' id='word_1_185' title='bbox 996 1926 1201 1961; x_wconf 81' lang='lat' dir='ltr'><strong>Responsoria.</strong></span> 
     </span>
    </p>
   </div>
   <div class='ocr_carea' id='block_1_21' title="bbox 826 1982 1091 2022">
    <p class='ocr_par' dir='ltr' id='par_1_49' title="bbox 826 1982 1091 2022">
     <span class='ocr_line' id='line_1_82' title="bbox 826 1982 1091 2022; baseline 0 -7"><span class='ocrx_word' id='word_1_186' title='bbox 826 2009 833 2015; x_wconf 90' lang='lat'>.</span> <span class='ocrx_word' id='word_1_187' title='bbox 862 1982 971 2022; x_wconf 84' lang='lat' dir='ltr'><strong>Coegit</strong></span> <span class='ocrx_word' id='word_1_188' title='bbox 993 1982 1091 2022; x_wconf 83' lang='lat' dir='ltr'><strong>igitur</strong></span> 
     </span>
    </p>
   </div>
   <div class='ocr_carea' id='block_1_22' title="bbox 859 2029 1282 2354">
    <p class='ocr_par' dir='ltr' id='par_1_50' title="bbox 859 2029 1282 2354">
     <span class='ocr_line' id='line_1_83' title="bbox 905 2029 1170 2071; baseline 0.011 -11"><span class='ocrx_word' id='word_1_189' title='bbox 905 2029 991 2062; x_wconf 83' lang='lat' dir='ltr'><strong>facta</strong></span> <span class='ocrx_word' id='word_1_190' title='bbox 1016 2031 1170 2071; x_wconf 85' lang='lat' dir='ltr'><strong>dispersio</strong></span> 
     </span>
     <span class='ocr_line' id='line_1_84' title="bbox 860 2077 1282 2119; baseline 0.005 -10"><span class='ocrx_word' id='word_1_191' title='bbox 860 2077 1011 2109; x_wconf 86' lang='lat' dir='ltr'><strong>Sanctum</strong></span> <span class='ocrx_word' id='word_1_192' title='bbox 1037 2086 1104 2109; x_wconf 88' lang='lat' dir='ltr'><strong>cum</strong></span> <span class='ocrx_word' id='word_1_193' title='bbox 1129 2078 1282 2119; x_wconf 83' lang='lat' dir='ltr'><strong>Magdala</strong></span> 
     </span>
     <span class='ocr_line' id='line_1_85' title="bbox 908 2125 1212 2168; baseline 0.01 -14"><span class='ocrx_word' id='word_1_194' title='bbox 908 2132 942 2155; x_wconf 88' lang='lat' dir='ltr'><strong>se</strong></span> <span class='ocrx_word' id='word_1_195' title='bbox 966 2125 1048 2156; x_wconf 88' lang='lat' dir='ltr'><strong>mari</strong></span> <span class='ocrx_word' id='word_1_196' title='bbox 1072 2126 1212 2168; x_wconf 82' lang='lat' dir='ltr'><strong>credere,</strong></span> 
     </span>
     <span class='ocr_line' id='line_1_86' title="bbox 859 2170 1173 2211; baseline 0.003 -9"><span class='ocrx_word' id='word_1_197' title='bbox 859 2170 945 2211; x_wconf 87' lang='lat' dir='ltr'><strong>Ergo</strong></span> <span class='ocrx_word' id='word_1_198' title='bbox 970 2180 1005 2203; x_wconf 91' lang='lat' dir='ltr'><strong>se</strong></span> <span class='ocrx_word' id='word_1_199' title='bbox 1029 2172 1173 2211; x_wconf 87' lang='lat' dir='ltr'><strong>protinus</strong></span> 
     </span>
     <span class='ocr_line' id='line_1_87' title="bbox 906 2218 1196 2261; baseline 0.007 -12"><span class='ocrx_word' id='word_1_200' title='bbox 906 2218 1038 2250; x_wconf 78' lang='lat' dir='ltr'><strong>tradunt</strong></span> <span class='ocrx_word' id='word_1_201' title='bbox 1060 2219 1196 2261; x_wconf 80' lang='lat' dir='ltr'><strong>navigio,</strong></span> 
     </span>
     <span class='ocr_line' id='line_1_88' title="bbox 861 2264 1197 2297; baseline 0.003 -1"><span class='ocrx_word' id='word_1_202' title='bbox 861 2264 970 2296; x_wconf 85' lang='lat' dir='ltr'><strong>Ventis</strong></span> <span class='ocrx_word' id='word_1_203' title='bbox 996 2268 1028 2296; x_wconf 92' lang='lat' dir='ltr'><strong>et</strong></span> <span class='ocrx_word' id='word_1_204' title='bbox 1050 2265 1197 2297; x_wconf 85' lang='lat' dir='ltr'><strong>fluctibus</strong></span> 
     </span>
     <span class='ocr_line' id='line_1_89' title="bbox 908 2314 1219 2354; baseline 0.01 -12"><span class='ocrx_word' id='word_1_205' title='bbox 908 2314 1032 2344; x_wconf 85' lang='lat' dir='ltr'><strong>utentes</strong></span> <span class='ocrx_word' id='word_1_206' title='bbox 1056 2321 1219 2354; x_wconf 88' lang='lat' dir='ltr'><strong>prospere,</strong></span> 
     </span>
    </p>
   </div>
   <div class='ocr_carea' id='block_1_23' title="bbox 1599 0 1626 287">
    <p class='ocr_par' dir='ltr' id='par_1_51' title="bbox 1599 0 1626 287">
     <span class='ocr_line' id='line_1_90' title="bbox 1599 0 1626 287; textangle 90"><span class='ocrx_word' id='word_1_207' title='bbox 1599 75 1626 287; x_wconf 36' lang='lat' dir='ltr'><strong>*sm—...4</strong></span> <span class='ocrx_word' id='word_1_208' title='bbox 1615 0 1622 66; x_wconf 81' lang='grc'><em>-..-</em></span> 
     </span>
    </p>
   </div>
   <div class='ocr_carea' id='block_1_24' title="bbox 1611 1236 1635 1287">
    <p class='ocr_par' dir='ltr' id='par_1_52' title="bbox 1611 1236 1635 1287">
     <span class='ocr_line' id='line_1_91' title="bbox 1611 1236 1635 1287; textangle 90"><span class='ocrx_word' id='word_1_209' title='bbox 1611 1236 1635 1287; x_wconf 54' lang='grc' dir='ltr'><em>Α</em></span> 
     </span>
    </p>
   </div>
  </div>
 </body>
</html>
