<?xml version="1.0" encoding="UTF-8"?>
<!DOCTYPE html PUBLIC "-//W3C//DTD XHTML 1.0 Transitional//EN"
    "http://www.w3.org/TR/xhtml1/DTD/xhtml1-transitional.dtd">
<html xmlns="http://www.w3.org/1999/xhtml" xml:lang="en" lang="en">
 <head>
  <title>
</title>
<meta http-equiv="Content-Type" content="text/html;charset=utf-8" />
  <meta name='ocr-system' content='tesseract 3.04.00' />
  <meta name='ocr-capabilities' content='ocr_page ocr_carea ocr_par ocr_line ocrx_word'/>
</head>
<body>
  <div class='ocr_page' id='page_1' title='image "./analectahymnica18drevuoft_00242.png"; bbox 0 0 1650 2587; ppageno 0'>
   <div class='ocr_carea' id='block_1_1' title="bbox 736 124 989 159">
    <p class='ocr_par' dir='ltr' id='par_1_1' title="bbox 736 124 989 159">
     <span class='ocr_line' id='line_1_1' title="bbox 736 124 989 159; baseline 0 0"><span class='ocrx_word' id='word_1_1' title='bbox 736 144 774 149; x_wconf 92' lang='lat'>—</span> <span class='ocrx_word' id='word_1_2' title='bbox 826 124 989 159; x_wconf 82' lang='lat'><strong>239—</strong></span> 
     </span>
    </p>
   </div>
   <div class='ocr_carea' id='block_1_2' title="bbox 237 218 806 771">
    <p class='ocr_par' dir='ltr' id='par_1_2' title="bbox 276 218 689 354">
     <span class='ocr_line' id='line_1_2' title="bbox 277 218 670 259; baseline 0.003 -8"><span class='ocrx_word' id='word_1_3' title='bbox 277 218 432 258; x_wconf 85' lang='lat' dir='ltr'>Stephani</span> <span class='ocrx_word' id='word_1_4' title='bbox 456 219 670 259; x_wconf 80' lang='lat' dir='ltr'>gratissimam</span> 
     </span>
     <span class='ocr_line' id='line_1_3' title="bbox 276 265 689 307; baseline 0.007 -10"><span class='ocrx_word' id='word_1_5' title='bbox 276 265 463 298; x_wconf 90' lang='lat' dir='ltr'>Ducendam</span> <span class='ocrx_word' id='word_1_6' title='bbox 490 267 532 298; x_wconf 92' lang='lat' dir='ltr'>ad</span> <span class='ocrx_word' id='word_1_7' title='bbox 556 267 689 307; x_wconf 80' lang='lat' dir='ltr'>gloriam</span> 
     </span>
     <span class='ocr_line' id='line_1_4' title="bbox 278 313 585 354; baseline 0.003 -10"><span class='ocrx_word' id='word_1_8' title='bbox 278 313 394 345; x_wconf 89' lang='lat' dir='ltr'>Venire</span> <span class='ocrx_word' id='word_1_9' title='bbox 418 314 585 354; x_wconf 75' lang='lat' dir='ltr'>conspexit</span> 
     </span>
    </p>

    <p class='ocr_par' dir='ltr' id='par_1_3' title="bbox 274 361 595 395">
     <span class='ocr_line' id='line_1_5' title="bbox 274 361 595 395; baseline 0.006 -3"><span class='ocrx_word' id='word_1_10' title='bbox 274 361 320 393; x_wconf 88' lang='lat' dir='ltr'>Et</span> <span class='ocrx_word' id='word_1_11' title='bbox 342 361 438 393; x_wconf 87' lang='lat' dir='ltr'>matri</span> <span class='ocrx_word' id='word_1_12' title='bbox 464 361 595 395; x_wconf 82' lang='lat' dir='ltr'>detexit.</span> 
     </span>
    </p>

    <p class='ocr_par' dir='ltr' id='par_1_4' title="bbox 274 408 744 590">
     <span class='ocr_line' id='line_1_6' title="bbox 275 408 650 449; baseline 0.008 -10"><span class='ocrx_word' id='word_1_13' title='bbox 275 408 378 447; x_wconf 88' lang='lat' dir='ltr'>Hujus</span> <span class='ocrx_word' id='word_1_14' title='bbox 404 409 492 448; x_wconf 89' lang='lat' dir='ltr'>sequi</span> <span class='ocrx_word' id='word_1_15' title='bbox 516 409 650 449; x_wconf 82' lang='lat' dir='ltr'>vestigia</span> 
     </span>
     <span class='ocr_line' id='line_1_7' title="bbox 275 455 744 497; baseline 0.006 -11"><span class='ocrx_word' id='word_1_16' title='bbox 275 455 348 497; x_wconf 91' lang='lat' dir='ltr'>Det,</span> <span class='ocrx_word' id='word_1_17' title='bbox 373 456 427 495; x_wconf 88' lang='lat' dir='ltr'>qui</span> <span class='ocrx_word' id='word_1_18' title='bbox 450 455 605 496; x_wconf 82' lang='lat' dir='ltr'>gubernat</span> <span class='ocrx_word' id='word_1_19' title='bbox 630 457 744 497; x_wconf 86' lang='lat' dir='ltr'>omnia,</span> 
     </span>
     <span class='ocr_line' id='line_1_8' title="bbox 274 501 662 542; baseline 0 -7"><span class='ocrx_word' id='word_1_20' title='bbox 274 502 370 542; x_wconf 85' lang='lat' dir='ltr'>Cujus</span> <span class='ocrx_word' id='word_1_21' title='bbox 396 501 468 534; x_wconf 87' lang='lat' dir='ltr'>fulti</span> <span class='ocrx_word' id='word_1_22' title='bbox 492 503 662 542; x_wconf 87' lang='lat' dir='ltr'>praesidiis</span> 
     </span>
     <span class='ocr_line' id='line_1_9' title="bbox 276 550 697 590; baseline 0.002 -8"><span class='ocrx_word' id='word_1_23' title='bbox 276 551 433 582; x_wconf 82' lang='lat' dir='ltr'>Fruamur</span> <span class='ocrx_word' id='word_1_24' title='bbox 458 550 537 582; x_wconf 88' lang='lat' dir='ltr'>coeli</span> <span class='ocrx_word' id='word_1_25' title='bbox 562 550 697 590; x_wconf 87' lang='lat' dir='ltr'>gaudiis.</span> 
     </span>
    </p>

    <p class='ocr_par' dir='ltr' id='par_1_5' title="bbox 237 596 806 771">
     <span class='ocr_line' id='line_1_10' title="bbox 237 596 677 636; baseline 0 -7"><span class='ocrx_word' id='word_1_26' title='bbox 237 623 243 629; x_wconf 95' lang='lat'>.</span> <span class='ocrx_word' id='word_1_27' title='bbox 275 596 394 636; x_wconf 88' lang='lat' dir='ltr'>Jesum,</span> <span class='ocrx_word' id='word_1_28' title='bbox 420 597 545 628; x_wconf 84' lang='lat' dir='ltr'>Mariae</span> <span class='ocrx_word' id='word_1_29' title='bbox 567 596 677 636; x_wconf 90' lang='lat' dir='ltr'>filium,</span> 
     </span>
     <span class='ocr_line' id='line_1_11' title="bbox 276 643 714 683; baseline 0.002 -8"><span class='ocrx_word' id='word_1_30' title='bbox 276 643 377 675; x_wconf 85' lang='lat' dir='ltr'>Nobis</span> <span class='ocrx_word' id='word_1_31' title='bbox 402 644 520 676; x_wconf 85' lang='lat' dir='ltr'>reddat</span> <span class='ocrx_word' id='word_1_32' title='bbox 542 644 714 683; x_wconf 84' lang='lat' dir='ltr'>propitium</span> 
     </span>
     <span class='ocr_line' id='line_1_12' title="bbox 279 689 806 731; baseline 0 -8"><span class='ocrx_word' id='word_1_33' title='bbox 279 689 450 723; x_wconf 87' lang='lat' dir='ltr'>Confessor</span> <span class='ocrx_word' id='word_1_34' title='bbox 475 690 594 723; x_wconf 75' lang='lat' dir='ltr'>Christi</span> <span class='ocrx_word' id='word_1_35' title='bbox 617 690 806 731; x_wconf 75' lang='lat' dir='ltr'>StephanuS,</span> 
     </span>
     <span class='ocr_line' id='line_1_13' title="bbox 278 737 672 771; baseline 0.005 -2"><span class='ocrx_word' id='word_1_36' title='bbox 278 737 422 769; x_wconf 88' lang='lat' dir='ltr'>Eremita</span> <span class='ocrx_word' id='word_1_37' title='bbox 447 738 672 771; x_wconf 88' lang='lat' dir='ltr'>sanctissimus.</span> 
     </span>
    </p>
   </div>
   <div class='ocr_carea' id='block_1_3' title="bbox 369 850 663 951">
    <p class='ocr_par' dir='ltr' id='par_1_6' title="bbox 369 850 663 951">
     <span class='ocr_line' id='line_1_14' title="bbox 369 850 663 886; baseline 0 -4"><span class='ocrx_word' id='word_1_38' title='bbox 369 852 385 883; x_wconf 93' lang='lat'>1</span> <span class='ocrx_word' id='word_1_39' title='bbox 394 861 415 882; x_wconf 91' lang='lat' dir='ltr'>n</span> <span class='ocrx_word' id='word_1_40' title='bbox 434 851 462 883; x_wconf 93' lang='lat' dir='ltr'>L</span> <span class='ocrx_word' id='word_1_41' title='bbox 471 860 491 882; x_wconf 90' lang='lat' dir='ltr'>a</span> <span class='ocrx_word' id='word_1_42' title='bbox 500 860 522 882; x_wconf 91' lang='lat' dir='ltr'>u</span> <span class='ocrx_word' id='word_1_43' title='bbox 531 851 570 882; x_wconf 89' lang='lat' dir='ltr'>di</span> <span class='ocrx_word' id='word_1_44' title='bbox 579 850 598 882; x_wconf 94' lang='lat' dir='ltr'>b</span> <span class='ocrx_word' id='word_1_45' title='bbox 609 860 629 882; x_wconf 93' lang='lat' dir='ltr'>u</span> <span class='ocrx_word' id='word_1_46' title='bbox 638 860 663 886; x_wconf 83' lang='lat' dir='ltr'>s,</span> 
     </span>
     <span class='ocr_line' id='line_1_15' title="bbox 422 916 616 951; baseline -0.005 -8"><span class='ocrx_word' id='word_1_47' title='bbox 422 916 616 951; x_wconf 87' lang='lat' dir='ltr'>Antiphonae.</span> 
     </span>
    </p>
   </div>
   <div class='ocr_carea' id='block_1_4' title="bbox 240 974 755 1305">
    <p class='ocr_par' dir='ltr' id='par_1_7' title="bbox 244 974 690 1107">
     <span class='ocr_line' id='line_1_16' title="bbox 244 974 680 1013; baseline 0.002 -8"><span class='ocrx_word' id='word_1_48' title='bbox 244 998 251 1005; x_wconf 94' lang='lat'>.</span> <span class='ocrx_word' id='word_1_49' title='bbox 276 974 355 1006; x_wconf 89' lang='lat' dir='ltr'>Fuit</span> <span class='ocrx_word' id='word_1_50' title='bbox 376 975 464 1006; x_wconf 81' lang='lat' dir='ltr'>exsul</span> <span class='ocrx_word' id='word_1_51' title='bbox 489 976 680 1013; x_wconf 87' lang='lat' dir='ltr'>spontaneus</span> 
     </span>
     <span class='ocr_line' id='line_1_17' title="bbox 274 1021 690 1061; baseline -0.002 -9"><span class='ocrx_word' id='word_1_52' title='bbox 274 1021 477 1053; x_wconf 84' lang='lat' dir='ltr'>Anachoreta</span> <span class='ocrx_word' id='word_1_53' title='bbox 502 1021 690 1061; x_wconf 83' lang='lat' dir='ltr'>Stephanus,</span> 
     </span>
     <span class='ocr_line' id='line_1_18' title="bbox 275 1067 614 1107; baseline 0.003 -8"><span class='ocrx_word' id='word_1_54' title='bbox 275 1067 418 1099; x_wconf 88' lang='lat' dir='ltr'>Subditis</span> <span class='ocrx_word' id='word_1_55' title='bbox 443 1067 614 1107; x_wconf 89' lang='lat' dir='ltr'>piissimus.</span> 
     </span>
    </p>

    <p class='ocr_par' dir='ltr' id='par_1_8' title="bbox 240 1122 755 1250">
     <span class='ocr_line' id='line_1_19' title="bbox 240 1122 693 1163; baseline -0.007 -5"><span class='ocrx_word' id='word_1_56' title='bbox 240 1151 246 1158; x_wconf 96' lang='lat'>.</span> <span class='ocrx_word' id='word_1_57' title='bbox 273 1124 327 1156; x_wconf 84' lang='lat' dir='ltr'>Ad</span> <span class='ocrx_word' id='word_1_58' title='bbox 352 1125 530 1163; x_wconf 84' lang='lat' dir='ltr'>exemplum</span> <span class='ocrx_word' id='word_1_59' title='bbox 552 1122 693 1155; x_wconf 86' lang='lat' dir='ltr'>fidelium</span> 
     </span>
     <span class='ocr_line' id='line_1_20' title="bbox 270 1170 755 1211; baseline -0.002 -8"><span class='ocrx_word' id='word_1_60' title='bbox 270 1171 357 1203; x_wconf 85' lang='lat' dir='ltr'>Deus</span> <span class='ocrx_word' id='word_1_61' title='bbox 381 1170 536 1211; x_wconf 84' lang='lat' dir='ltr'>praefecit</span> <span class='ocrx_word' id='word_1_62' title='bbox 562 1170 755 1210; x_wconf 80' lang='lat' dir='ltr'>Stephanum</span> 
     </span>
     <span class='ocr_line' id='line_1_21' title="bbox 270 1217 651 1250; baseline -0.003 0"><span class='ocrx_word' id='word_1_63' title='bbox 270 1219 307 1250; x_wconf 89' lang='lat' dir='ltr'>In</span> <span class='ocrx_word' id='word_1_64' title='bbox 333 1219 467 1250; x_wconf 84' lang='lat' dir='ltr'>caritate</span> <span class='ocrx_word' id='word_1_65' title='bbox 493 1217 651 1250; x_wconf 85' lang='lat' dir='ltr'>fervidum</span> 
     </span>
    </p>

    <p class='ocr_par' dir='ltr' id='par_1_9' title="bbox 270 1264 660 1305">
     <span class='ocr_line' id='line_1_22' title="bbox 270 1264 660 1305; baseline 0.005 -8"><span class='ocrx_word' id='word_1_66' title='bbox 270 1266 316 1297; x_wconf 87' lang='lat' dir='ltr'>Et</span> <span class='ocrx_word' id='word_1_67' title='bbox 339 1265 488 1305; x_wconf 89' lang='lat' dir='ltr'>operibus</span> <span class='ocrx_word' id='word_1_68' title='bbox 511 1264 660 1299; x_wconf 88' lang='lat' dir='ltr'>lucidum.</span> 
     </span>
    </p>
   </div>
   <div class='ocr_carea' id='block_1_5' title="bbox 242 1321 744 1503">
    <p class='ocr_par' dir='ltr' id='par_1_10' title="bbox 242 1321 744 1503">
     <span class='ocr_line' id='line_1_23' title="bbox 242 1321 744 1362; baseline -0.006 -6"><span class='ocrx_word' id='word_1_69' title='bbox 242 1349 248 1356; x_wconf 96' lang='lat'>.</span> <span class='ocrx_word' id='word_1_70' title='bbox 275 1321 390 1361; x_wconf 85' lang='lat' dir='ltr'>Aegris</span> <span class='ocrx_word' id='word_1_71' title='bbox 417 1322 543 1353; x_wconf 86' lang='lat' dir='ltr'>dantem</span> <span class='ocrx_word' id='word_1_72' title='bbox 568 1321 744 1362; x_wconf 79' lang='lat' dir='ltr'>sanitatem,</span> 
     </span>
     <span class='ocr_line' id='line_1_24' title="bbox 272 1368 673 1408; baseline -0.005 -7"><span class='ocrx_word' id='word_1_73' title='bbox 272 1369 466 1408; x_wconf 87' lang='lat' dir='ltr'>Compeditis</span> <span class='ocrx_word' id='word_1_74' title='bbox 491 1368 673 1400; x_wconf 88' lang='lat' dir='ltr'>libertatem</span> 
     </span>
     <span class='ocr_line' id='line_1_25' title="bbox 270 1415 665 1455; baseline -0.008 -6"><span class='ocrx_word' id='word_1_75' title='bbox 270 1416 316 1449; x_wconf 88' lang='lat' dir='ltr'>Et</span> <span class='ocrx_word' id='word_1_76' title='bbox 340 1416 424 1448; x_wconf 89' lang='lat' dir='ltr'>vitae</span> <span class='ocrx_word' id='word_1_77' title='bbox 448 1415 665 1455; x_wconf 78' lang='lat' dir='ltr'>substantiam,</span> 
     </span>
     <span class='ocr_line' id='line_1_26' title="bbox 271 1462 625 1503; baseline 0 -9"><span class='ocrx_word' id='word_1_78' title='bbox 271 1463 346 1495; x_wconf 90' lang='lat' dir='ltr'>Reis</span> <span class='ocrx_word' id='word_1_79' title='bbox 372 1472 468 1503; x_wconf 82' lang='lat' dir='ltr'>prece</span> <span class='ocrx_word' id='word_1_80' title='bbox 491 1462 625 1494; x_wconf 87' lang='lat' dir='ltr'>veniam.</span> 
     </span>
    </p>
   </div>
   <div class='ocr_carea' id='block_1_6' title="bbox 236 1520 656 1883">
    <p class='ocr_par' dir='ltr' id='par_1_11' title="bbox 236 1520 650 1741">
     <span class='ocr_line' id='line_1_27' title="bbox 236 1520 586 1552; baseline 0 -1"><span class='ocrx_word' id='word_1_81' title='bbox 236 1544 244 1552; x_wconf 90' lang='lat'>.</span> <span class='ocrx_word' id='word_1_82' title='bbox 271 1520 382 1552; x_wconf 79' lang='lat' dir='ltr'>Victus</span> <span class='ocrx_word' id='word_1_83' title='bbox 406 1520 586 1551; x_wconf 85' lang='lat' dir='ltr'>necessaria</span> 
     </span>
     <span class='ocr_line' id='line_1_28' title="bbox 315 1566 600 1609; baseline -0.007 -10"><span class='ocrx_word' id='word_1_84' title='bbox 315 1568 362 1599; x_wconf 83' lang='lat' dir='ltr'>ita</span> <span class='ocrx_word' id='word_1_85' title='bbox 387 1566 600 1609; x_wconf 82' lang='lat' dir='ltr'>dispensabat,</span> 
     </span>
     <span class='ocr_line' id='line_1_29' title="bbox 268 1613 650 1654; baseline -0.003 -8"><span class='ocrx_word' id='word_1_86' title='bbox 268 1615 357 1654; x_wconf 71' lang='lat' dir='ltr'>Quod</span> <span class='ocrx_word' id='word_1_87' title='bbox 383 1613 483 1646; x_wconf 84' lang='lat' dir='ltr'>fertili</span> <span class='ocrx_word' id='word_1_88' title='bbox 507 1616 650 1653; x_wconf 85' lang='lat' dir='ltr'>tempore</span> 
     </span>
     <span class='ocr_line' id='line_1_30' title="bbox 314 1661 623 1701; baseline -0.006 -7"><span class='ocrx_word' id='word_1_89' title='bbox 314 1671 427 1701; x_wconf 85' lang='lat' dir='ltr'>parum</span> <span class='ocrx_word' id='word_1_90' title='bbox 452 1661 623 1701; x_wconf 88' lang='lat' dir='ltr'>superabat</span> 
     </span>
     <span class='ocr_line' id='line_1_31' title="bbox 266 1707 616 1741; baseline -0.003 0"><span class='ocrx_word' id='word_1_91' title='bbox 266 1709 311 1741; x_wconf 88' lang='lat' dir='ltr'>Et</span> <span class='ocrx_word' id='word_1_92' title='bbox 335 1709 438 1741; x_wconf 80' lang='lat' dir='ltr'>sterili</span> <span class='ocrx_word' id='word_1_93' title='bbox 463 1707 616 1741; x_wconf 84' lang='lat' dir='ltr'>fratribus</span> 
     </span>
    </p>

    <p class='ocr_par' dir='ltr' id='par_1_12' title="bbox 266 1755 656 1883">
     <span class='ocr_line' id='line_1_32' title="bbox 313 1755 563 1795; baseline -0.004 -7"><span class='ocrx_word' id='word_1_94' title='bbox 313 1756 359 1788; x_wconf 92' lang='lat' dir='ltr'>nil</span> <span class='ocrx_word' id='word_1_95' title='bbox 385 1755 563 1795; x_wconf 83' lang='lat' dir='ltr'>deficiebat,</span> 
     </span>
     <span class='ocr_line' id='line_1_33' title="bbox 266 1804 656 1844; baseline 0 -8"><span class='ocrx_word' id='word_1_96' title='bbox 266 1804 330 1836; x_wconf 85' lang='lat' dir='ltr'>Sed</span> <span class='ocrx_word' id='word_1_97' title='bbox 355 1806 490 1844; x_wconf 84' lang='lat' dir='ltr'>utroque</span> <span class='ocrx_word' id='word_1_98' title='bbox 514 1807 656 1843; x_wconf 89' lang='lat' dir='ltr'>tempore</span> 
     </span>
     <span class='ocr_line' id='line_1_34' title="bbox 314 1851 622 1883; baseline 0 0"><span class='ocrx_word' id='word_1_99' title='bbox 314 1851 405 1883; x_wconf 89' lang='lat' dir='ltr'>bonis</span> <span class='ocrx_word' id='word_1_100' title='bbox 430 1851 622 1883; x_wconf 84' lang='lat' dir='ltr'>abundabat.</span> 
     </span>
    </p>
   </div>
   <div class='ocr_carea' id='block_1_7' title="bbox 232 1907 681 2280">
    <p class='ocr_par' dir='ltr' id='par_1_13' title="bbox 232 1907 681 2280">
     <span class='ocr_line' id='line_1_35' title="bbox 232 1907 603 1942; baseline -0.011 0"><span class='ocrx_word' id='word_1_101' title='bbox 232 1936 239 1942; x_wconf 89' lang='lat'>.</span> <span class='ocrx_word' id='word_1_102' title='bbox 263 1908 379 1940; x_wconf 90' lang='lat' dir='ltr'>Tenuit</span> <span class='ocrx_word' id='word_1_103' title='bbox 402 1908 436 1939; x_wconf 88' lang='lat' dir='ltr'>in</span> <span class='ocrx_word' id='word_1_104' title='bbox 458 1907 603 1939; x_wconf 89' lang='lat' dir='ltr'>omnibus</span> 
     </span>
     <span class='ocr_line' id='line_1_36' title="bbox 315 1955 661 1997; baseline -0.006 -9"><span class='ocrx_word' id='word_1_105' title='bbox 315 1956 363 1988; x_wconf 92' lang='lat' dir='ltr'>vir</span> <span class='ocrx_word' id='word_1_106' title='bbox 388 1955 448 1987; x_wconf 91' lang='lat' dir='ltr'>Dei</span> <span class='ocrx_word' id='word_1_107' title='bbox 473 1963 661 1997; x_wconf 83' lang='lat' dir='ltr'>mensuram,</span> 
     </span>
     <span class='ocr_line' id='line_1_37' title="bbox 264 2002 622 2042; baseline -0.008 -6"><span class='ocrx_word' id='word_1_108' title='bbox 264 2005 302 2037; x_wconf 85' lang='lat' dir='ltr'>In</span> <span class='ocrx_word' id='word_1_109' title='bbox 327 2003 431 2035; x_wconf 86' lang='lat' dir='ltr'>Deum</span> <span class='ocrx_word' id='word_1_110' title='bbox 451 2002 622 2042; x_wconf 83' lang='lat' dir='ltr'>projiciens</span> 
     </span>
     <span class='ocr_line' id='line_1_38' title="bbox 312 2053 668 2091; baseline -0.003 -9"><span class='ocrx_word' id='word_1_111' title='bbox 312 2053 411 2083; x_wconf 87' lang='lat' dir='ltr'>totam</span> <span class='ocrx_word' id='word_1_112' title='bbox 436 2059 525 2082; x_wconf 87' lang='lat' dir='ltr'>suam</span> <span class='ocrx_word' id='word_1_113' title='bbox 553 2058 668 2091; x_wconf 89' lang='lat' dir='ltr'>curam,</span> 
     </span>
     <span class='ocr_line' id='line_1_39' title="bbox 265 2097 619 2138; baseline -0.011 -6"><span class='ocrx_word' id='word_1_114' title='bbox 265 2099 323 2133; x_wconf 88' lang='lat' dir='ltr'>Cui</span> <span class='ocrx_word' id='word_1_115' title='bbox 346 2098 452 2138; x_wconf 87' lang='lat' dir='ltr'>pascit</span> <span class='ocrx_word' id='word_1_116' title='bbox 476 2097 619 2138; x_wconf 86' lang='lat' dir='ltr'>quotidie</span> 
     </span>
     <span class='ocr_line' id='line_1_40' title="bbox 308 2147 612 2185; baseline -0.003 -8"><span class='ocrx_word' id='word_1_117' title='bbox 308 2155 398 2178; x_wconf 88' lang='lat' dir='ltr'>suam</span> <span class='ocrx_word' id='word_1_118' title='bbox 424 2147 612 2185; x_wconf 87' lang='lat' dir='ltr'>creaturam,</span> 
     </span>
     <span class='ocr_line' id='line_1_41' title="bbox 263 2192 600 2232; baseline -0.003 -7"><span class='ocrx_word' id='word_1_119' title='bbox 263 2193 362 2232; x_wconf 75' lang='lat' dir='ltr'>Quam</span> <span class='ocrx_word' id='word_1_120' title='bbox 386 2202 442 2225; x_wconf 90' lang='lat' dir='ltr'>suo</span> <span class='ocrx_word' id='word_1_121' title='bbox 467 2192 600 2225; x_wconf 89' lang='lat' dir='ltr'>servitio</span> 
     </span>
     <span class='ocr_line' id='line_1_42' title="bbox 312 2240 681 2280; baseline 0.003 -8"><span class='ocrx_word' id='word_1_122' title='bbox 312 2240 468 2280; x_wconf 86' lang='lat' dir='ltr'>conspicit</span> <span class='ocrx_word' id='word_1_123' title='bbox 491 2250 681 2273; x_wconf 88' lang='lat' dir='ltr'>mansuram.</span> 
     </span>
    </p>
   </div>
   <div class='ocr_carea' id='block_1_8' title="bbox 1077 220 1325 249">
    <p class='ocr_par' dir='ltr' id='par_1_14' title="bbox 1077 220 1325 249">
     <span class='ocr_line' id='line_1_43' title="bbox 1077 220 1325 249; baseline -0.008 0"><span class='ocrx_word' id='word_1_124' title='bbox 1077 220 1122 249; x_wconf 80' lang='lat' dir='ltr'>Ad</span> <span class='ocrx_word' id='word_1_125' title='bbox 1141 220 1325 249; x_wconf 69' lang='lat' dir='ltr'>Benedictus.</span> 
     </span>
    </p>
   </div>
   <div class='ocr_carea' id='block_1_9' title="bbox 888 278 1389 319">
    <p class='ocr_par' dir='ltr' id='par_1_15' title="bbox 888 278 1389 319">
     <span class='ocr_line' id='line_1_44' title="bbox 888 278 1389 319; baseline -0.002 -9"><span class='ocrx_word' id='word_1_126' title='bbox 888 279 928 312; x_wconf 90' lang='lat' dir='ltr'>A.</span> <span class='ocrx_word' id='word_1_127' title='bbox 960 279 985 311; x_wconf 95' lang='grc' dir='ltr'>Ο</span> <span class='ocrx_word' id='word_1_128' title='bbox 1012 279 1145 312; x_wconf 88' lang='lat' dir='ltr'>electum</span> <span class='ocrx_word' id='word_1_129' title='bbox 1172 288 1227 311; x_wconf 90' lang='lat' dir='ltr'>vas</span> <span class='ocrx_word' id='word_1_130' title='bbox 1253 278 1389 319; x_wconf 85' lang='lat' dir='ltr'>honoris,</span> 
     </span>
    </p>
   </div>
   <div class='ocr_carea' id='block_1_10' title="bbox 959 325 1403 648">
    <p class='ocr_par' dir='ltr' id='par_1_16' title="bbox 959 325 1403 554">
     <span class='ocr_line' id='line_1_45' title="bbox 1004 325 1353 364; baseline -0.003 -7"><span class='ocrx_word' id='word_1_131' title='bbox 1004 325 1097 357; x_wconf 83' lang='lat' dir='ltr'>Felix</span> <span class='ocrx_word' id='word_1_132' title='bbox 1122 327 1223 358; x_wconf 87' lang='lat' dir='ltr'>cultor</span> <span class='ocrx_word' id='word_1_133' title='bbox 1248 326 1353 364; x_wconf 88' lang='lat' dir='ltr'>eremi,</span> 
     </span>
     <span class='ocr_line' id='line_1_46' title="bbox 960 372 1403 415; baseline -0.002 -11"><span class='ocrx_word' id='word_1_134' title='bbox 960 373 1055 405; x_wconf 88' lang='lat' dir='ltr'>Pater</span> <span class='ocrx_word' id='word_1_135' title='bbox 1078 374 1131 412; x_wconf 90' lang='lat' dir='ltr'>pie</span> <span class='ocrx_word' id='word_1_136' title='bbox 1156 372 1403 415; x_wconf 84' lang='lat' dir='ltr'>Grandimontis,</span> 
     </span>
     <span class='ocr_line' id='line_1_47' title="bbox 1005 420 1371 462; baseline -0.003 -11"><span class='ocrx_word' id='word_1_137' title='bbox 1005 420 1095 459; x_wconf 86' lang='lat' dir='ltr'>Roga</span> <span class='ocrx_word' id='word_1_138' title='bbox 1117 421 1219 453; x_wconf 89' lang='lat' dir='ltr'>Deum</span> <span class='ocrx_word' id='word_1_139' title='bbox 1245 420 1371 462; x_wconf 83' lang='lat' dir='ltr'>saeculi,</span> 
     </span>
     <span class='ocr_line' id='line_1_48' title="bbox 959 466 1380 510; baseline -0.005 -11"><span class='ocrx_word' id='word_1_140' title='bbox 959 466 1004 499; x_wconf 89' lang='lat' dir='ltr'>Ut</span> <span class='ocrx_word' id='word_1_141' title='bbox 1027 471 1176 510; x_wconf 84' lang='lat' dir='ltr'>purgatos</span> <span class='ocrx_word' id='word_1_142' title='bbox 1199 477 1218 499; x_wconf 90' lang='lat' dir='ltr'>a</span> <span class='ocrx_word' id='word_1_143' title='bbox 1241 467 1380 507; x_wconf 85' lang='lat' dir='ltr'>peccatis</span> 
     </span>
     <span class='ocr_line' id='line_1_49' title="bbox 960 513 1402 554; baseline -0.002 -9"><span class='ocrx_word' id='word_1_144' title='bbox 960 513 1030 545; x_wconf 92' lang='lat' dir='ltr'>Suis</span> <span class='ocrx_word' id='word_1_145' title='bbox 1057 515 1220 554; x_wconf 86' lang='lat' dir='ltr'>completis</span> <span class='ocrx_word' id='word_1_146' title='bbox 1245 514 1402 546; x_wconf 89' lang='lat' dir='ltr'>mandatis</span> 
     </span>
    </p>

    <p class='ocr_par' dir='ltr' id='par_1_17' title="bbox 1003 561 1378 648">
     <span class='ocr_line' id='line_1_50' title="bbox 1005 561 1299 594; baseline 0 -1"><span class='ocrx_word' id='word_1_147' title='bbox 1005 561 1044 593; x_wconf 93' lang='lat' dir='ltr'>In</span> <span class='ocrx_word' id='word_1_148' title='bbox 1069 562 1196 594; x_wconf 89' lang='lat' dir='ltr'>coelesti</span> <span class='ocrx_word' id='word_1_149' title='bbox 1220 561 1299 593; x_wconf 90' lang='lat' dir='ltr'>solio</span> 
     </span>
     <span class='ocr_line' id='line_1_51' title="bbox 1003 607 1378 648; baseline 0.005 -9"><span class='ocrx_word' id='word_1_150' title='bbox 1003 608 1152 641; x_wconf 84' lang='lat' dir='ltr'>Muneret</span> <span class='ocrx_word' id='word_1_151' title='bbox 1174 617 1231 640; x_wconf 90' lang='lat' dir='ltr'>nos</span> <span class='ocrx_word' id='word_1_152' title='bbox 1254 607 1378 648; x_wconf 86' lang='lat' dir='ltr'>gaudio.</span> 
     </span>
    </p>
   </div>
   <div class='ocr_carea' id='block_1_11' title="bbox 1024 702 1362 803">
    <p class='ocr_par' dir='ltr' id='par_1_18' title="bbox 1024 702 1362 803">
     <span class='ocr_line' id='line_1_52' title="bbox 1024 702 1362 741; baseline 0 -7"><span class='ocrx_word' id='word_1_153' title='bbox 1024 702 1068 734; x_wconf 90' lang='lat' dir='ltr'>In</span> <span class='ocrx_word' id='word_1_154' title='bbox 1099 705 1129 736; x_wconf 87' lang='lat'>2.</span> <span class='ocrx_word' id='word_1_155' title='bbox 1155 702 1362 741; x_wconf 87' lang='lat' dir='ltr'>Vesperis.</span> 
     </span>
     <span class='ocr_line' id='line_1_53' title="bbox 1078 766 1319 803; baseline -0.004 -9"><span class='ocrx_word' id='word_1_156' title='bbox 1078 766 1124 794; x_wconf 85' lang='lat' dir='ltr'>Ad</span> <span class='ocrx_word' id='word_1_157' title='bbox 1141 766 1319 803; x_wconf 83' lang='lat' dir='ltr'>Magnificat.</span> 
     </span>
    </p>
   </div>
   <div class='ocr_carea' id='block_1_12' title="bbox 918 825 1394 866">
    <p class='ocr_par' dir='ltr' id='par_1_19' title="bbox 918 825 1394 866">
     <span class='ocr_line' id='line_1_54' title="bbox 918 825 1394 866; baseline -0.004 -9"><span class='ocrx_word' id='word_1_158' title='bbox 918 848 926 856; x_wconf 93' lang='lat'>.</span> <span class='ocrx_word' id='word_1_159' title='bbox 957 825 981 857; x_wconf 93' lang='lat' dir='ltr'>O</span> <span class='ocrx_word' id='word_1_160' title='bbox 1008 825 1186 857; x_wconf 87' lang='lat' dir='ltr'>consolator</span> <span class='ocrx_word' id='word_1_161' title='bbox 1209 833 1394 866; x_wconf 84' lang='lat' dir='ltr'>pauperum,</span> 
     </span>
    </p>
   </div>
   <div class='ocr_carea' id='block_1_13' title="bbox 953 871 1448 1279">
    <p class='ocr_par' dir='ltr' id='par_1_20' title="bbox 955 871 1434 958">
     <span class='ocr_line' id='line_1_55' title="bbox 1006 871 1434 912; baseline -0.005 -8"><span class='ocrx_word' id='word_1_162' title='bbox 1006 871 1174 912; x_wconf 86' lang='lat' dir='ltr'>Stephane,</span> <span class='ocrx_word' id='word_1_163' title='bbox 1200 872 1262 903; x_wconf 90' lang='lat' dir='ltr'>tuis</span> <span class='ocrx_word' id='word_1_164' title='bbox 1287 871 1434 911; x_wconf 85' lang='lat' dir='ltr'>precibus</span> 
     </span>
     <span class='ocr_line' id='line_1_56' title="bbox 955 919 1408 958; baseline 0 -8"><span class='ocrx_word' id='word_1_165' title='bbox 955 919 1046 958; x_wconf 84' lang='lat' dir='ltr'>Auge</span> <span class='ocrx_word' id='word_1_166' title='bbox 1070 919 1221 950; x_wconf 89' lang='lat' dir='ltr'>virtutum</span> <span class='ocrx_word' id='word_1_167' title='bbox 1245 928 1408 950; x_wconf 88' lang='lat' dir='ltr'>numerum</span> 
     </span>
    </p>

    <p class='ocr_par' dir='ltr' id='par_1_21' title="bbox 954 966 1448 1051">
     <span class='ocr_line' id='line_1_57' title="bbox 1003 966 1448 1006; baseline 0.002 -10"><span class='ocrx_word' id='word_1_168' title='bbox 1003 966 1040 997; x_wconf 90' lang='lat' dir='ltr'>In</span> <span class='ocrx_word' id='word_1_169' title='bbox 1064 966 1155 998; x_wconf 89' lang='lat' dir='ltr'>nobis</span> <span class='ocrx_word' id='word_1_170' title='bbox 1180 968 1213 997; x_wconf 87' lang='lat' dir='ltr'>te</span> <span class='ocrx_word' id='word_1_171' title='bbox 1235 966 1448 1006; x_wconf 85' lang='lat' dir='ltr'>precantibus,</span> 
     </span>
     <span class='ocr_line' id='line_1_58' title="bbox 954 1012 1147 1051; baseline 0.01 -8"><span class='ocrx_word' id='word_1_172' title='bbox 954 1012 999 1044; x_wconf 89' lang='lat' dir='ltr'>Et</span> <span class='ocrx_word' id='word_1_173' title='bbox 1023 1015 1147 1051; x_wconf 86' lang='lat' dir='ltr'>ereptos</span> 
     </span>
    </p>

    <p class='ocr_par' dir='ltr' id='par_1_22' title="bbox 955 1059 1341 1138">
     <span class='ocr_line' id='line_1_59' title="bbox 1001 1059 1341 1091; baseline 0.006 -2"><span class='ocrx_word' id='word_1_174' title='bbox 1001 1067 1058 1090; x_wconf 90' lang='lat' dir='ltr'>nos</span> <span class='ocrx_word' id='word_1_175' title='bbox 1082 1059 1192 1091; x_wconf 85' lang='lat' dir='ltr'>mortis</span> <span class='ocrx_word' id='word_1_176' title='bbox 1218 1059 1341 1091; x_wconf 88' lang='lat' dir='ltr'>casibus</span> 
     </span>
     <span class='ocr_line' id='line_1_60' title="bbox 955 1104 1177 1138; baseline 0 -1"><span class='ocrx_word' id='word_1_177' title='bbox 955 1104 1102 1138; x_wconf 77' lang='lat' dir='ltr'>Gaudere</span> <span class='ocrx_word' id='word_1_178' title='bbox 1126 1105 1177 1137; x_wconf 78' lang='lat' dir='ltr'>fac</span> 
     </span>
    </p>

    <p class='ocr_par' dir='ltr' id='par_1_23' title="bbox 953 1152 1319 1240">
     <span class='ocr_line' id='line_1_61' title="bbox 1001 1152 1319 1194; baseline 0.003 -11"><span class='ocrx_word' id='word_1_179' title='bbox 1001 1153 1156 1184; x_wconf 86' lang='lat' dir='ltr'>coelorum</span> <span class='ocrx_word' id='word_1_180' title='bbox 1181 1152 1319 1194; x_wconf 89' lang='lat' dir='ltr'>sedibus,</span> 
     </span>
     <span class='ocr_line' id='line_1_62' title="bbox 953 1199 1153 1240; baseline 0 -8"><span class='ocrx_word' id='word_1_181' title='bbox 953 1199 1015 1232; x_wconf 92' lang='lat' dir='ltr'>Ubi</span> <span class='ocrx_word' id='word_1_182' title='bbox 1039 1208 1153 1240; x_wconf 80' lang='lat' dir='ltr'>regnas</span> 
     </span>
    </p>

    <p class='ocr_par' dir='ltr' id='par_1_24' title="bbox 1000 1247 1388 1279">
     <span class='ocr_line' id='line_1_63' title="bbox 1000 1247 1388 1279; baseline 0 -1"><span class='ocrx_word' id='word_1_183' title='bbox 1000 1255 1070 1278; x_wconf 89' lang='lat' dir='ltr'>cum</span> <span class='ocrx_word' id='word_1_184' title='bbox 1094 1247 1210 1279; x_wconf 88' lang='lat' dir='ltr'>sanctis</span> <span class='ocrx_word' id='word_1_185' title='bbox 1235 1247 1388 1278; x_wconf 64' lang='lat' dir='ltr'>omnibus</span> 
     </span>
    </p>
   </div>
   <div class='ocr_carea' id='block_1_14' title="bbox 1037 1341 1354 1433">
    <p class='ocr_par' dir='ltr' id='par_1_25' title="bbox 1037 1341 1354 1433">
     <span class='ocr_line' id='line_1_64' title="bbox 1037 1341 1354 1374; baseline -0.009 -1"><span class='ocrx_word' id='word_1_186' title='bbox 1037 1341 1060 1373; x_wconf 86' lang='lat' dir='ltr'>P</span> <span class='ocrx_word' id='word_1_187' title='bbox 1072 1349 1089 1371; x_wconf 92' lang='lat' dir='ltr'>e</span> <span class='ocrx_word' id='word_1_188' title='bbox 1100 1351 1117 1372; x_wconf 91' lang='lat' dir='ltr'>r</span> <span class='ocrx_word' id='word_1_189' title='bbox 1142 1341 1167 1374; x_wconf 95' lang='lat' dir='ltr'>O</span> <span class='ocrx_word' id='word_1_190' title='bbox 1180 1350 1196 1372; x_wconf 89' lang='lat' dir='ltr'>c</span> <span class='ocrx_word' id='word_1_191' title='bbox 1205 1343 1219 1372; x_wconf 92' lang='lat' dir='ltr'>t</span> <span class='ocrx_word' id='word_1_192' title='bbox 1228 1350 1247 1372; x_wconf 91' lang='lat' dir='ltr'>a</span> <span class='ocrx_word' id='word_1_193' title='bbox 1257 1351 1276 1373; x_wconf 91' lang='lat' dir='ltr'>v</span> <span class='ocrx_word' id='word_1_194' title='bbox 1286 1349 1306 1371; x_wconf 87' lang='lat' dir='ltr'>a</span> <span class='ocrx_word' id='word_1_195' title='bbox 1313 1350 1354 1371; x_wconf 88' lang='lat'>111.</span> 
     </span>
     <span class='ocr_line' id='line_1_65' title="bbox 1069 1405 1316 1433; baseline -0.004 0"><span class='ocrx_word' id='word_1_196' title='bbox 1069 1405 1114 1432; x_wconf 86' lang='lat' dir='ltr'>Ad</span> <span class='ocrx_word' id='word_1_197' title='bbox 1133 1406 1316 1433; x_wconf 73' lang='lat' dir='ltr'>Benedictus.</span> 
     </span>
    </p>
   </div>
   <div class='ocr_carea' id='block_1_15' title="bbox 914 1462 1348 1503">
    <p class='ocr_par' dir='ltr' id='par_1_26' title="bbox 914 1462 1348 1503">
     <span class='ocr_line' id='line_1_66' title="bbox 914 1462 1348 1503; baseline -0.005 -7"><span class='ocrx_word' id='word_1_198' title='bbox 914 1488 921 1496; x_wconf 99' lang='lat'>.</span> <span class='ocrx_word' id='word_1_199' title='bbox 953 1462 1068 1494; x_wconf 88' lang='lat' dir='ltr'>Sancte</span> <span class='ocrx_word' id='word_1_200' title='bbox 1092 1463 1153 1495; x_wconf 90' lang='lat' dir='ltr'>Dei</span> <span class='ocrx_word' id='word_1_201' title='bbox 1178 1463 1348 1503; x_wconf 88' lang='lat' dir='ltr'>Stephane,</span> 
     </span>
    </p>
   </div>
   <div class='ocr_carea' id='block_1_16' title="bbox 949 1510 1362 1828">
    <p class='ocr_par' dir='ltr' id='par_1_27' title="bbox 949 1510 1362 1828">
     <span class='ocr_line' id='line_1_67' title="bbox 996 1510 1255 1550; baseline 0.004 -9"><span class='ocrx_word' id='word_1_202' title='bbox 996 1510 1117 1542; x_wconf 87' lang='lat' dir='ltr'>athleta</span> <span class='ocrx_word' id='word_1_203' title='bbox 1140 1510 1255 1550; x_wconf 88' lang='lat' dir='ltr'>fidelis,</span> 
     </span>
     <span class='ocr_line' id='line_1_68' title="bbox 951 1557 1248 1597; baseline -0.007 -7"><span class='ocrx_word' id='word_1_204' title='bbox 951 1558 1040 1597; x_wconf 76' lang='lat' dir='ltr'>Roga</span> <span class='ocrx_word' id='word_1_205' title='bbox 1064 1557 1124 1589; x_wconf 84' lang='lat' dir='ltr'>Dei</span> <span class='ocrx_word' id='word_1_206' title='bbox 1149 1557 1248 1590; x_wconf 87' lang='lat' dir='ltr'>filium</span> 
     </span>
     <span class='ocr_line' id='line_1_69' title="bbox 997 1604 1360 1645; baseline -0.006 -8"><span class='ocrx_word' id='word_1_207' title='bbox 997 1614 1056 1644; x_wconf 88' lang='lat' dir='ltr'>pro</span> <span class='ocrx_word' id='word_1_208' title='bbox 1080 1605 1171 1637; x_wconf 89' lang='lat' dir='ltr'>nobis</span> <span class='ocrx_word' id='word_1_209' title='bbox 1195 1605 1229 1636; x_wconf 90' lang='lat' dir='ltr'>in</span> <span class='ocrx_word' id='word_1_210' title='bbox 1255 1604 1360 1645; x_wconf 88' lang='lat' dir='ltr'>caelis,</span> 
     </span>
     <span class='ocr_line' id='line_1_70' title="bbox 950 1652 1292 1692; baseline -0.003 -8"><span class='ocrx_word' id='word_1_211' title='bbox 950 1652 995 1684; x_wconf 90' lang='lat' dir='ltr'>Ut</span> <span class='ocrx_word' id='word_1_212' title='bbox 1018 1660 1133 1684; x_wconf 85' lang='lat' dir='ltr'>nocere</span> <span class='ocrx_word' id='word_1_213' title='bbox 1156 1654 1292 1692; x_wconf 85' lang='lat' dir='ltr'>nequeat</span> 
     </span>
     <span class='ocr_line' id='line_1_71' title="bbox 997 1699 1278 1731; baseline 0.004 -1"><span class='ocrx_word' id='word_1_214' title='bbox 997 1699 1088 1731; x_wconf 90' lang='lat' dir='ltr'>nobis</span> <span class='ocrx_word' id='word_1_215' title='bbox 1117 1699 1181 1731; x_wconf 86' lang='lat' dir='ltr'>suis</span> <span class='ocrx_word' id='word_1_216' title='bbox 1205 1699 1278 1731; x_wconf 86' lang='lat' dir='ltr'>telis</span> 
     </span>
     <span class='ocr_line' id='line_1_72' title="bbox 949 1746 1362 1786; baseline 0 -8"><span class='ocrx_word' id='word_1_217' title='bbox 949 1747 992 1786; x_wconf 87' lang='lat' dir='ltr'>Is,</span> <span class='ocrx_word' id='word_1_218' title='bbox 1019 1746 1073 1786; x_wconf 88' lang='lat' dir='ltr'>qui</span> <span class='ocrx_word' id='word_1_219' title='bbox 1097 1747 1220 1779; x_wconf 87' lang='lat' dir='ltr'>bellans</span> <span class='ocrx_word' id='word_1_220' title='bbox 1246 1746 1362 1779; x_wconf 90' lang='lat' dir='ltr'>cecidit</span> 
     </span>
     <span class='ocr_line' id='line_1_73' title="bbox 994 1793 1264 1828; baseline 0.011 -3"><span class='ocrx_word' id='word_1_221' title='bbox 994 1794 1061 1825; x_wconf 84' lang='lat' dir='ltr'>ictu</span> <span class='ocrx_word' id='word_1_222' title='bbox 1085 1793 1264 1828; x_wconf 88' lang='lat' dir='ltr'>Michaelis.</span> 
     </span>
    </p>
   </div>
   <div class='ocr_carea' id='block_1_17' title="bbox 1076 1859 1319 1897">
    <p class='ocr_par' dir='ltr' id='par_1_28' title="bbox 1076 1859 1319 1897">
     <span class='ocr_line' id='line_1_74' title="bbox 1076 1859 1319 1897; baseline -0.004 -9"><span class='ocrx_word' id='word_1_223' title='bbox 1076 1859 1121 1888; x_wconf 86' lang='lat' dir='ltr'>Ad</span> <span class='ocrx_word' id='word_1_224' title='bbox 1140 1860 1319 1897; x_wconf 83' lang='lat' dir='ltr'>Magnificat.</span> 
     </span>
    </p>
   </div>
   <div class='ocr_carea' id='block_1_18' title="bbox 910 1908 1373 1952">
    <p class='ocr_par' dir='ltr' id='par_1_29' title="bbox 910 1908 1373 1952">
     <span class='ocr_line' id='line_1_75' title="bbox 910 1908 1373 1952; baseline -0.002 -11"><span class='ocrx_word' id='word_1_225' title='bbox 910 1935 917 1941; x_wconf 96' lang='lat'>.</span> <span class='ocrx_word' id='word_1_226' title='bbox 950 1910 975 1942; x_wconf 97' lang='lat' dir='ltr'>O</span> <span class='ocrx_word' id='word_1_227' title='bbox 1002 1908 1171 1952; x_wconf 88' lang='lat' dir='ltr'>Stephane,</span> <span class='ocrx_word' id='word_1_228' title='bbox 1198 1909 1373 1941; x_wconf 87' lang='lat' dir='ltr'>honestatis</span> 
     </span>
    </p>
   </div>
   <div class='ocr_carea' id='block_1_19' title="bbox 945 1957 1430 2281">
    <p class='ocr_par' dir='ltr' id='par_1_30' title="bbox 945 1957 1430 2281">
     <span class='ocr_line' id='line_1_76' title="bbox 949 1957 1430 1997; baseline -0.004 -7"><span class='ocrx_word' id='word_1_229' title='bbox 949 1957 1008 1990; x_wconf 89' lang='lat' dir='ltr'>Vir</span> <span class='ocrx_word' id='word_1_230' title='bbox 1032 1959 1064 1988; x_wconf 89' lang='lat' dir='ltr'>et</span> <span class='ocrx_word' id='word_1_231' title='bbox 1087 1965 1220 1997; x_wconf 84' lang='lat' dir='ltr'>magnae</span> <span class='ocrx_word' id='word_1_232' title='bbox 1242 1957 1430 1996; x_wconf 82' lang='lat' dir='ltr'>sanctitatis,</span> 
     </span>
     <span class='ocr_line' id='line_1_77' title="bbox 946 2004 1417 2044; baseline -0.002 -8"><span class='ocrx_word' id='word_1_233' title='bbox 946 2004 1006 2044; x_wconf 74' lang='lat' dir='ltr'>Qui</span> <span class='ocrx_word' id='word_1_234' title='bbox 1032 2004 1089 2036; x_wconf 82' lang='lat' dir='ltr'>das</span> <span class='ocrx_word' id='word_1_235' title='bbox 1114 2005 1213 2044; x_wconf 86' lang='lat' dir='ltr'>lapsis</span> <span class='ocrx_word' id='word_1_236' title='bbox 1238 2004 1417 2036; x_wconf 81' lang='lat' dir='ltr'>relevamen</span> 
     </span>
     <span class='ocr_line' id='line_1_78' title="bbox 948 2050 1377 2092; baseline -0.005 -8"><span class='ocrx_word' id='word_1_237' title='bbox 948 2052 993 2084; x_wconf 86' lang='lat' dir='ltr'>Et</span> <span class='ocrx_word' id='word_1_238' title='bbox 1014 2050 1148 2084; x_wconf 89' lang='lat' dir='ltr'>infirmis</span> <span class='ocrx_word' id='word_1_239' title='bbox 1170 2051 1377 2092; x_wconf 87' lang='lat' dir='ltr'>medicamen,</span> 
     </span>
     <span class='ocr_line' id='line_1_79' title="bbox 949 2099 1392 2141; baseline -0.002 -10"><span class='ocrx_word' id='word_1_240' title='bbox 949 2099 998 2131; x_wconf 87' lang='lat' dir='ltr'>Tu</span> <span class='ocrx_word' id='word_1_241' title='bbox 1021 2107 1081 2139; x_wconf 85' lang='lat' dir='ltr'>pro</span> <span class='ocrx_word' id='word_1_242' title='bbox 1106 2099 1196 2132; x_wconf 86' lang='lat' dir='ltr'>nobis</span> <span class='ocrx_word' id='word_1_243' title='bbox 1220 2099 1392 2141; x_wconf 90' lang='lat' dir='ltr'>intercede,</span> 
     </span>
     <span class='ocr_line' id='line_1_80' title="bbox 946 2145 1399 2180; baseline -0.004 -1"><span class='ocrx_word' id='word_1_244' title='bbox 946 2145 993 2179; x_wconf 87' lang='lat' dir='ltr'>Ut</span> <span class='ocrx_word' id='word_1_245' title='bbox 1018 2146 1146 2178; x_wconf 88' lang='lat' dir='ltr'>coelesti</span> <span class='ocrx_word' id='word_1_246' title='bbox 1170 2156 1227 2180; x_wconf 90' lang='lat' dir='ltr'>nos</span> <span class='ocrx_word' id='word_1_247' title='bbox 1251 2147 1399 2178; x_wconf 85' lang='lat' dir='ltr'>mercede</span> 
     </span>
     <span class='ocr_line' id='line_1_81' title="bbox 946 2193 1367 2226; baseline 0.002 -2"><span class='ocrx_word' id='word_1_248' title='bbox 946 2193 1037 2224; x_wconf 87' lang='lat' dir='ltr'>Ditet</span> <span class='ocrx_word' id='word_1_249' title='bbox 1059 2193 1146 2226; x_wconf 89' lang='lat' dir='ltr'>Deus</span> <span class='ocrx_word' id='word_1_250' title='bbox 1172 2203 1241 2226; x_wconf 90' lang='lat' dir='ltr'>cum</span> <span class='ocrx_word' id='word_1_251' title='bbox 1267 2194 1367 2226; x_wconf 83' lang='lat' dir='ltr'>beatis</span> 
     </span>
     <span class='ocr_line' id='line_1_82' title="bbox 945 2240 1345 2281; baseline 0.01 -10"><span class='ocrx_word' id='word_1_252' title='bbox 945 2240 1055 2281; x_wconf 83' lang='lat' dir='ltr'>Regno</span> <span class='ocrx_word' id='word_1_253' title='bbox 1079 2250 1155 2274; x_wconf 88' lang='lat' dir='ltr'>suae</span> <span class='ocrx_word' id='word_1_254' title='bbox 1180 2241 1345 2275; x_wconf 86' lang='lat' dir='ltr'>claritatis.</span> 
     </span>
    </p>
   </div>
   <div class='ocr_carea' id='block_1_20' title="bbox 267 2304 1470 2342">
    <p class='ocr_par' dir='ltr' id='par_1_31' title="bbox 267 2304 1470 2342">
     <span class='ocr_line' id='line_1_83' title="bbox 267 2304 1470 2342; baseline -0.001 -8"><span class='ocrx_word' id='word_1_255' title='bbox 267 2307 352 2334; x_wconf 85' lang='lat' dir='ltr'>Brev.</span> <span class='ocrx_word' id='word_1_256' title='bbox 373 2314 426 2333; x_wconf 92' lang='lat' dir='ltr'>ms.</span> <span class='ocrx_word' id='word_1_257' title='bbox 449 2305 688 2335; x_wconf 72' lang='lat' dir='ltr'>claromontense</span> <span class='ocrx_word' id='word_1_258' title='bbox 708 2315 783 2335; x_wconf 78' lang='lat' dir='ltr'>saec.</span> <span class='ocrx_word' id='word_1_259' title='bbox 808 2305 850 2335; x_wconf 86' lang='lat'>15.</span> <span class='ocrx_word' id='word_1_260' title='bbox 874 2306 942 2334; x_wconf 66' lang='lat' dir='ltr'>(lod.</span> <span class='ocrx_word' id='word_1_261' title='bbox 965 2304 1204 2342; x_wconf 78' lang='lat' dir='ltr'>Sangenovefian.</span> <span class='ocrx_word' id='word_1_262' title='bbox 1224 2307 1295 2334; x_wconf 86' lang='lat' dir='ltr'>BBl.</span> <span class='ocrx_word' id='word_1_263' title='bbox 1315 2304 1378 2334; x_wconf 85' lang='lat' dir='ltr'>1V0</span> <span class='ocrx_word' id='word_1_264' title='bbox 1401 2304 1444 2334; x_wconf 82' lang='lat'>14.</span> <span class='ocrx_word' id='word_1_265' title='bbox 1464 2322 1470 2323; x_wconf 35' lang='grc' dir='ltr'><em>ν</em></span> 
     </span>
    </p>
   </div>
   <div class='ocr_carea' id='block_1_21' title="bbox 780 2383 1044 2411">
    <p class='ocr_par' dir='ltr' id='par_1_32' title="bbox 780 2383 1044 2411">
     <span class='ocr_line' id='line_1_84' title="bbox 780 2383 1044 2411; baseline 0 -1"><span class='ocrx_word' id='word_1_266' title='bbox 780 2403 787 2410; x_wconf 94' lang='grc'><strong>.</strong></span> <span class='ocrx_word' id='word_1_267' title='bbox 807 2383 957 2411; x_wconf 85' lang='lat' dir='ltr'>insolitam</span> <span class='ocrx_word' id='word_1_268' title='bbox 981 2404 984 2407; x_wconf 97' lang='lat'>.</span> <span class='ocrx_word' id='word_1_269' title='bbox 1008 2404 1014 2407; x_wconf 95' lang='lat'>.</span> <span class='ocrx_word' id='word_1_270' title='bbox 1038 2404 1044 2410; x_wconf 92' lang='lat'>.</span> 
     </span>
    </p>
   </div>
   <div class='ocr_carea' id='block_1_22' title="bbox 187 2341 1499 2381">
    <p class='ocr_par' dir='ltr' id='par_1_33' title="bbox 187 2341 1499 2381">
     <span class='ocr_line' id='line_1_85' title="bbox 187 2341 1499 2381; baseline -0.001 -7"><span class='ocrx_word' id='word_1_271' title='bbox 187 2346 224 2374; x_wconf 87' lang='lat' dir='ltr'>In</span> <span class='ocrx_word' id='word_1_272' title='bbox 250 2343 274 2373; x_wconf 84' lang='lat'>1.</span> <span class='ocrx_word' id='word_1_273' title='bbox 295 2344 380 2372; x_wconf 80' lang='lat' dir='ltr'>Noct.</span> <span class='ocrx_word' id='word_1_274' title='bbox 403 2341 423 2369; x_wconf 82' lang='lat' dir='ltr'>R</span> <span class='ocrx_word' id='word_1_275' title='bbox 445 2341 473 2378; x_wconf 84' lang='lat'>3,</span> <span class='ocrx_word' id='word_1_276' title='bbox 495 2341 530 2372; x_wconf 87' lang='lat'>13</span> <span class='ocrx_word' id='word_1_277' title='bbox 553 2345 654 2380; x_wconf 76' lang='lat' dir='ltr'>Regno</span> <span class='ocrx_word' id='word_1_278' title='bbox 674 2346 810 2381; x_wconf 83' lang='lat' dir='ltr'>gaudere.</span> <span class='ocrx_word' id='word_1_279' title='bbox 835 2360 873 2365; x_wconf 84' lang='lat'>—</span> <span class='ocrx_word' id='word_1_280' title='bbox 900 2345 936 2372; x_wconf 91' lang='lat' dir='ltr'>In</span> <span class='ocrx_word' id='word_1_281' title='bbox 956 2341 981 2370; x_wconf 80' lang='lat'>2.</span> <span class='ocrx_word' id='word_1_282' title='bbox 1003 2343 1086 2371; x_wconf 85' lang='lat' dir='ltr'>Noct.</span> <span class='ocrx_word' id='word_1_283' title='bbox 1109 2342 1129 2370; x_wconf 78' lang='lat' dir='ltr'>R</span> <span class='ocrx_word' id='word_1_284' title='bbox 1152 2343 1177 2377; x_wconf 88' lang='lat'>1,</span> <span class='ocrx_word' id='word_1_285' title='bbox 1200 2342 1217 2371; x_wconf 82' lang='lat'>2</span> <span class='ocrx_word' id='word_1_286' title='bbox 1238 2345 1391 2373; x_wconf 85' lang='lat' dir='ltr'>desertum.</span> <span class='ocrx_word' id='word_1_287' title='bbox 1420 2359 1452 2363; x_wconf 86' lang='lat'><em>-</em></span> <span class='ocrx_word' id='word_1_288' title='bbox 1479 2341 1499 2369; x_wconf 79' lang='lat' dir='ltr'>R</span> 
     </span>
    </p>
   </div>
   <div class='ocr_carea' id='block_1_23' title="bbox 188 2382 1500 2457">
    <p class='ocr_par' dir='ltr' id='par_1_34' title="bbox 188 2382 1500 2457">
     <span class='ocr_line' id='line_1_86' title="bbox 192 2382 756 2419; baseline 0 -8"><span class='ocrx_word' id='word_1_289' title='bbox 192 2383 215 2419; x_wconf 87' lang='lat'>1,</span> <span class='ocrx_word' id='word_1_290' title='bbox 238 2382 255 2412; x_wconf 90' lang='grc'><strong>6</strong></span> <span class='ocrx_word' id='word_1_291' title='bbox 283 2391 345 2419; x_wconf 85' lang='lat' dir='ltr'>sqq.</span> <span class='ocrx_word' id='word_1_292' title='bbox 373 2382 407 2409; x_wconf 88' lang='lat' dir='ltr'>In</span> <span class='ocrx_word' id='word_1_293' title='bbox 429 2384 534 2409; x_wconf 82' lang='lat' dir='ltr'>terram</span> <span class='ocrx_word' id='word_1_294' title='bbox 556 2382 701 2411; x_wconf 86' lang='lat' dir='ltr'>desertam</span> <span class='ocrx_word' id='word_1_295' title='bbox 721 2404 727 2410; x_wconf 95' lang='lat'>.</span> <span class='ocrx_word' id='word_1_296' title='bbox 749 2406 756 2411; x_wconf 96' lang='lat'>.</span> 
     </span>
     <span class='ocr_line' id='line_1_87' title="bbox 188 2418 1500 2457; baseline -0.004 -6"><span class='ocrx_word' id='word_1_297' title='bbox 188 2422 295 2452; x_wconf 88' lang='lat' dir='ltr'>borum</span> <span class='ocrx_word' id='word_1_298' title='bbox 317 2421 455 2457; x_wconf 83' lang='lat' dir='ltr'>egestate.</span> <span class='ocrx_word' id='word_1_299' title='bbox 475 2436 513 2439; x_wconf 97' lang='lat'><strong>—</strong></span> <span class='ocrx_word' id='word_1_300' title='bbox 532 2420 569 2447; x_wconf 83' lang='lat' dir='ltr'>In</span> <span class='ocrx_word' id='word_1_301' title='bbox 588 2418 614 2448; x_wconf 81' lang='lat'>3.</span> <span class='ocrx_word' id='word_1_302' title='bbox 629 2421 713 2450; x_wconf 84' lang='lat' dir='ltr'>Noct.</span> <span class='ocrx_word' id='word_1_303' title='bbox 729 2419 750 2448; x_wconf 82' lang='grc' dir='ltr'><strong>Β</strong></span> <span class='ocrx_word' id='word_1_304' title='bbox 768 2420 794 2455; x_wconf 86' lang='grc'>2,</span> <span class='ocrx_word' id='word_1_305' title='bbox 816 2420 833 2449; x_wconf 89' lang='lat'><strong>9</strong></span> <span class='ocrx_word' id='word_1_306' title='bbox 850 2421 887 2448; x_wconf 89' lang='lat' dir='ltr'>In</span> <span class='ocrx_word' id='word_1_307' title='bbox 905 2420 986 2448; x_wconf 85' lang='lat' dir='ltr'>fehlt.</span> <span class='ocrx_word' id='word_1_308' title='bbox 1010 2434 1045 2438; x_wconf 91' lang='lat'>—</span> <span class='ocrx_word' id='word_1_309' title='bbox 1066 2420 1102 2447; x_wconf 90' lang='lat' dir='ltr'>In</span> <span class='ocrx_word' id='word_1_310' title='bbox 1115 2420 1209 2449; x_wconf 83' lang='lat' dir='ltr'>Laud.</span> <span class='ocrx_word' id='word_1_311' title='bbox 1225 2418 1247 2447; x_wconf 88' lang='grc' dir='ltr'>Α</span> <span class='ocrx_word' id='word_1_312' title='bbox 1265 2419 1290 2457; x_wconf 80' lang='lat'>1,</span> <span class='ocrx_word' id='word_1_313' title='bbox 1310 2418 1328 2449; x_wconf 84' lang='lat'><strong>3</strong></span> <span class='ocrx_word' id='word_1_314' title='bbox 1343 2420 1500 2449; x_wconf 78' lang='lat' dir='ltr'>Subdictis.</span> 
     </span>
    </p>
   </div>
   <div class='ocr_carea' id='block_1_24' title="bbox 1064 2380 1502 2416">
    <p class='ocr_par' dir='ltr' id='par_1_35' title="bbox 1064 2380 1502 2416">
     <span class='ocr_line' id='line_1_88' title="bbox 1064 2380 1502 2416; baseline 0 -7"><span class='ocrx_word' id='word_1_315' title='bbox 1064 2384 1219 2409; x_wconf 83' lang='lat' dir='ltr'>assuetam.</span> <span class='ocrx_word' id='word_1_316' title='bbox 1245 2397 1282 2401; x_wconf 83' lang='lat'>-—</span> <span class='ocrx_word' id='word_1_317' title='bbox 1310 2380 1330 2408; x_wconf 79' lang='lat' dir='ltr'>R</span> <span class='ocrx_word' id='word_1_318' title='bbox 1351 2381 1377 2416; x_wconf 85' lang='lat'>2,</span> <span class='ocrx_word' id='word_1_319' title='bbox 1406 2380 1423 2409; x_wconf 87' lang='lat'>6</span> <span class='ocrx_word' id='word_1_320' title='bbox 1444 2390 1502 2409; x_wconf 89' lang='lat' dir='ltr'>am-</span> 
     </span>
    </p>
   </div>
  </div>
 </body>
</html>
