1650 2587
681 122 724 129 —--
773 104 936 138 224—

195 222 203 230 .
227 196 272 228 Et
296 198 369 237 quia
392 198 438 229 tui
462 198 620 237 sanguinis

281 243 392 276 Sumus
416 244 572 283 redempti
596 245 709 286 pretio,

236 290 370 322 Coelesti
393 292 439 323 tui
463 291 596 323 numinis

282 337 349 369 Nos
373 337 446 370 fove
470 338 630 370 beneficio.

200 419 208 427 ,
233 393 284 424 Ne
305 402 363 425 nos
386 394 472 425 Deus
499 394 662 433 despiciam,

234 440 297 471 Sed
321 449 379 479 pro
402 440 492 471 nobis
518 441 666 472 exaudias

278 486 451 518 Robertum
473 489 561 518 tuum
584 486 744 525 famulum,

233 533 301 564 Nec
324 534 476 565 scelerum
499 533 688 573 memineris,

234 579 310 611 Cum
331 580 475 618 judicare
497 580 620 611 veneris

276 625 428 658 Districte
449 625 549 665 judex
572 626 741 660 saeculum.

191 698 199 705 .
227 672 304 711 Nos,
329 672 425 715 Deus,
452 672 491 703 de
515 672 601 705 vitiis

278 719 359 750 enim
375 719 475 751 sancti
488 720 635 758 precibus
649 720 776 753 munda.

200 799 206 806 .
232 775 378 815 Inducas,
406 775 522 807 Christi
546 776 672 816 famule,

230 821 378 862 Roberte,
403 831 471 861 nos,
496 824 532 853 ut
556 824 683 863 regulae

227 868 373 900 Formam
399 870 504 900 datam
528 872 699 912 teneamus

228 915 272 947 Et
294 917 327 945 te
350 916 437 955 sequi
461 916 619 948 valeamus

226 962 308 993 Hluc
330 971 388 1001 per
412 965 513 994 rectas
537 964 673 1003 semitas,

229 1008 294 1041 Ubi
314 1008 397 1049 jugis
422 1011 470 1040 est
494 1009 629 1041 claritas.

227 1055 351 1094 Regnat
375 1065 446 1095 pax,
473 1056 547 1095 vita,
574 1056 699 1089 veritas,

187 1127 195 1135 .
224 1102 262 1133 In
286 1103 417 1140 perenni
440 1102 541 1141 gloria

276 1147 417 1179 Christus
441 1148 536 1179 ducat
558 1158 661 1180 secum

227 1194 304 1236 Nos,
329 1194 476 1234 Roberte,
503 1196 617 1234 gaudia

272 1241 365 1273 Vitae
390 1242 509 1273 donans
533 1244 645 1275 tecum.

193 1322 200 1329 .
226 1297 440 1329 Tentationem
466 1296 588 1337 fugiant

226 1343 337 1375 Mundi
362 1343 524 1376 foedentes
547 1345 683 1387 turbine,

226 1390 276 1421 Ne
298 1391 450 1422 scelerum
473 1392 622 1431 voragine

228 1436 375 1469 Obvoluti
400 1436 556 1477 deficiant,

226 1483 289 1515 Sed
313 1484 387 1524 agni
411 1483 527 1516 fontem
552 1485 670 1527 sitiant,

227 1530 321 1569 Cujus
345 1531 500 1570 redempti
525 1532 675 1572 sanguine

227 1576 314 1618 Sunt,
340 1580 376 1609 ut
398 1580 504 1617 potum
530 1579 712 1618 suscipiant,

226 1623 335 1655 Divini
355 1623 451 1656 fontis
473 1623 616 1664 flumine3

188 1697 194 1703 .
224 1669 287 1701 Sed
311 1669 397 1713 felix,
425 1670 478 1710 qui
502 1671 549 1701 sic
571 1672 696 1703 hauriet

223 1716 273 1748 De
297 1715 392 1758 fonte,
419 1717 502 1756 quod
526 1726 587 1749 non
612 1719 699 1750 sitiet

224 1763 369 1802 Amplius
393 1772 453 1795 nec
477 1765 601 1797 esuriet.

312 1875 357 1907 In
379 1875 462 1908 Lau
473 1875 541 1908 dib
551 1886 605 1911 uS.

364 1941 558 1976 Antiphonae.

188 2023 195 2029 .
221 1997 347 2040 Libera,
372 1999 457 2030 Deus
484 2000 629 2043 omnium,

222 2044 272 2076 De
295 2055 389 2077 manu
412 2048 665 2085 persequentium

269 2091 342 2124 Tibi
367 2093 495 2125 devotos
520 2091 663 2135 famulos,

221 2138 353 2170 Roberti
377 2148 499 2179 preces,
526 2142 635 2173 audias

221 2185 268 2217 Ut
290 2194 385 2225 super
403 2196 460 2218 nos
485 2189 608 2226 aperias

266 2232 490 2265 Misericordes
517 2236 632 2269 oculos

188 2316 194 2322 .
220 2288 287 2320 Nos
311 2290 448 2328 peccatis
473 2291 550 2323 facti
573 2293 621 2323 rei

224 2335 277 2368 Sic
301 2345 485 2375 quaeramus
510 2347 601 2378 opem
625 2340 696 2382 Dei,

908 199 954 231 Ut
977 198 1010 230 in
1034 199 1112 231 locis
1137 199 1259 238 requiei

907 245 1101 278 Assistentes
1127 245 1223 277 simus
1250 245 1287 277 ei.

850 302 881 333 3.
904 301 935 333 A
958 302 1068 340 poenis
1091 301 1298 333 liberabimur

953 348 1072 387 Quibus
1097 357 1203 380 sumus
1229 347 1317 387 certi,

952 394 987 427 Si
1011 394 1099 427 facta
1120 394 1262 434 Boberti,

906 441 1003 479 Quem
1027 442 1146 473 honore
1170 441 1400 482 prosequimur,

905 487 992 518 Bene
1016 488 1150 520 vivendo
1172 488 1340 528 sequimur.

873 567 880 574 .
906 543 993 575 Malo
1018 544 1094 576 mali
1117 544 1237 585 irritus,

905 590 1017 630 Homo,
1043 590 1132 622 vanis
1160 590 1295 631 deditus,

952 636 1126 669 Benedicas
1151 637 1297 680 Domino,

903 683 977 715 Tibi
1001 686 1090 724 patet
1114 684 1219 716 aditus

950 730 1051 771 Regni
1075 731 1144 762 sine
1165 732 1310 772 termino,

903 777 933 809 A
959 786 1018 817 quo
1043 778 1132 817 prior
1157 778 1269 812 exitus,

870 855 877 864 .
903 833 1005 866 Amen
1028 834 1135 866 laudis
1159 834 1268 867 dicant
1291 838 1399 875 gentes

948 881 1047 920 Patri,
1071 883 1145 913 nato
1172 890 1241 913 cum
1264 881 1401 923 fiamine,

901 928 1064 960 Unitatem
1090 927 1284 969 confitentes,

948 974 1020 1006 Non
1053 979 1119 1006 tres
1150 975 1184 1006 in
1209 976 1292 1007 trino
1317 976 1451 1010 nomine.

1023 1047 1070 1075 Ad
1082 1048 1266 1077 Benedictus.

863 1120 869 1126 .
900 1094 1090 1127 Benedictus

947 1145 1039 1180 pater
1062 1142 1228 1184 ingenitus,

901 1188 1092 1221 Benedictus

946 1244 966 1266 a
989 1239 1081 1274 patre
1104 1236 1238 1278 genitus,

898 1281 1088 1313 Benedictus

946 1329 1108 1360 amborum
1132 1330 1274 1371 spiritus,

900 1374 1073 1407 Benedicta

945 1423 1036 1454 unius
1060 1423 1196 1463 trinitas,

898 1468 1072 1501 Benedicta

945 1516 986 1546 sit
1009 1516 1104 1548 trium
1127 1517 1250 1558 unitas3

898 1562 1105 1601 Amplexetur

944 1609 1026 1641 hanc
1048 1613 1158 1642 nostra
1180 1613 1331 1654 pravitas,

900 1655 945 1687 Ut
969 1656 1076 1688 docuit

944 1702 1076 1735 Roberti
1101 1703 1227 1739 caritas.

967 1795 1011 1828 In
1036 1799 1067 1830 2.
1092 1798 1307 1836 Vesperis.

1009 1862 1055 1889 Ad
1076 1862 1255 1898 Magnificat-

860 1942 868 1949 .
895 1919 926 1950 A
950 1918 1084 1960 benigno
1110 1923 1252 1953 creatore

896 1965 1012 1997 Datum
1038 1969 1086 1998 est
1109 1967 1266 2011 fidelibus,

899 2012 1045 2045 Gaudere
1069 2014 1122 2045 hio
1141 2015 1294 2048 imitando

896 2059 1067 2092 Caritatem
1091 2062 1283 2094 laudabilem

894 2106 1140 2149 Monachorum3

895 2153 961 2185 Nos
986 2164 1092 2187 omnes
1116 2156 1264 2197 petimus,

894 2200 983 2239 Quod
1007 2202 1140 2234 Roberti
1164 2204 1353 2236 sanctissimi

894 2248 1044 2281 Tenendo
1068 2250 1153 2281 viam

897 2294 1054 2327 Christum
1080 2297 1205 2336 hymnis

894 2341 1074 2375 Laudemus
1095 2347 1127 2375 et
1149 2344 1260 2377 titulis.
