1650 2587
228 165 273 196 De
297 174 357 204 quo
382 164 499 203 gaudet
523 163 673 194 solemnio

225 211 388 243 Dcodatus
413 210 569 247 continuo,

225 258 288 291 Ubi
314 266 443 289 securus
469 257 612 296 lapsuum

223 304 347 336 Memor
370 303 414 336 sis
436 303 483 335 tui
506 312 686 337 memorum.

292 416 352 448 Ad
376 415 634 448 Matutinum.

354 485 567 512 Invitatorium.

221 546 315 579 Casta
338 548 442 578 mente
466 545 533 577 Deo

267 601 429 633 surgamus
450 592 588 631 psallere
611 595 730 633 nostro,

223 640 331 679 Regna
356 639 499 671 Dcodato

268 686 321 726 qui
344 685 463 717 coelica
483 684 616 717 contulit
639 685 730 716 almo.

287 799 331 831 In
359 799 387 831 1.
416 797 471 829 No
483 800 601 829 cturn
612 806 641 831 ο.

367 866 560 902 Antiphonac.

190 955 196 961 .
221 930 337 961 Beatus
359 928 408 960 vir
431 928 593 960 Deodatus

223 978 260 1009 In
285 977 354 1016 lege
375 975 434 1007 Dei
460 975 587 1007 sedulus

222 1023 284 1054 Die
306 1031 343 1054 ac
366 1024 457 1054 nocte
481 1022 603 1062 gemina

222 1069 417 1109 Replcbatur
440 1069 581 1101 scientia.

180 1131 186 1146 ·
223 1126 324 1165 Super
349 1127 485 1157 montem
511 1124 662 1156 ecclesiae

226 1173 420 1205 Constitutus
446 1171 619 1203 catholicae

225 1219 292 1251 Nec
314 1217 440 1259 regibus
464 1227 524 1249 nec
550 1218 677 1257 populis

225 1266 399 1305 Praecepta
422 1264 482 1295 Dei
507 1265 616 1296 tacuit.

190 1347 196 1354 .
225 1324 310 1354 Voce
335 1321 439 1353 cordis
463 1321 502 1352 ad
529 1321 707 1362 Dominum,

225 1369 320 1408 Cujus
345 1372 392 1400 est
417 1368 502 1398 salus
527 1368 674 1408 omnium,

225 1416 377 1448 Clamavit
403 1417 435 1445 et
457 1414 490 1445 in
514 1415 614 1454 gloria

225 1462 394 1502 Susceptus
419 1464 468 1492 est
491 1462 642 1501 angelica.

364 1532 570 1566 Responsoria.

192 1620 199 1627 .
225 1595 316 1626 Beati
340 1594 441 1633 patris
467 1603 569 1625 annua

224 1642 361 1673 Deodati
385 1640 536 1672 solemnia

225 1688 295 1720 Lux
319 1686 473 1720 hodierna
494 1690 622 1720 revocat

224 1735 268 1766 Et
290 1735 344 1774 pia
369 1733 466 1765 corda
488 1736 636 1776 renovat3

184 1805 190 1813 .
222 1781 370 1821 Magistri
395 1780 510 1820 quippe
534 1781 635 1820 gloria

221 1828 401 1867 Discipulos
427 1827 623 1860 condecorat.

188 1909 195 1917 .
223 1885 315 1918 Claro
340 1884 534 1916 Francorum
552 1886 715 1915 stemmate

223 1931 324 1963 Natus
349 1931 401 1962 hic
425 1928 606 1961 felicissime

223 1978 299 2009 Veri
323 1978 384 2009 Dei
408 1976 520 2008 notitia

220 2024 326 2056 Fulsit
345 2034 365 2057 a
388 2024 534 2065 pueritia,

182 2096 191 2104 .
220 2072 350 2111 Ingenio
375 2070 528 2103 laudabili

223 2118 428 2150 Perscrutans
455 2117 567 2157 dogma
590 2116 675 2151 fidei.

193 2203 200 2209 .
228 2175 365 2215 Cumque
388 2183 446 2214 per
471 2174 537 2205 (lies
561 2173 698 2214 singulos

220 2222 329 2254 Fieret
354 2231 389 2254 se
412 2221 480 2261 ipso
505 2221 624 2263 melior,

221 2269 351 2309 Populis
376 2267 625 2301 Nivernensibus

220 2316 416 2356 subrogatur
441 2315 616 2356 episcopus,

829 164 866 197 V.
899 163 1005 195 Factis
1031 167 1063 195 et
1088 165 1180 196 dictis
1206 164 1345 204 cognitus

897 211 960 242 Per
984 211 1087 242 omnia
1112 211 1293 243 catholicus.

960 324 1005 355 ΙΙ]
1031 324 1063 356 2.
1089 322 1315 354 NocturnO.

1041 391 1234 427 Antiphonae.

864 476 871 483 .
897 452 935 483 ln
960 451 1070 483 diebus
1094 451 1258 492 angustiae

896 497 982 529 Deus
1008 498 1074 537 ejus
1095 498 1239 537 justitiae

897 543 1046 576 Sanctum
1070 553 1161 575 suum
1185 542 1297 575 solatio

896 590 1052 622 Dilatavit
1073 590 1215 623 mirifico.

840 650 847 661 ²
864 669 871 677 .
899 645 984 677 Deus
1009 646 1043 677 in
1069 646 1271 677 multitudine

898 692 981 724 Suae
1003 693 1242 724 misericordiae

898 739 1066 771 Deducens
1092 748 1182 771 suum
1207 739 1357 771 famulum

899 785 1027 818 Direxit
1053 787 1095 819 ad
1119 787 1202 818 hunc
1224 786 1389 825 Vosagum.

865 865 873 875 .
898 842 1001 874 Homo
1027 843 1171 874 coelestis
1196 842 1323 874 habitus

897 889 982 920 Hinc
1007 893 1041 922 et
1063 890 1224 921 terrestris
1250 889 1390 928 angelus,

900 935 1062 968 Gloriosus
1082 937 1209 967 emicuit

900 982 1033 1014 Sanctus
1058 985 1090 1014 et
1114 982 1318 1015 honorabilis,

1038 1053 1243 1088 Responsoria.

868 1141 875 1148 .
901 1114 1053 1154 Suscepto
1080 1114 1281 1147 devotissime

900 1161 1111 1200 Episcopatus
1136 1162 1227 1201 apice

899 1209 1059 1241 Instanter
1083 1209 1180 1249 gessit
1203 1216 1301 1248 opera

898 1255 1020 1287 Honori
1044 1258 1132 1287 tanto
1158 1264 1303 1295 congrua,

858 1326 866 1334 .
897 1301 1033 1333 Solertia
1056 1302 1201 1342 pervigili

899 1349 1094 1389 Quaerendo²
1121 1357 1201 1388 quae
1222 1351 1295 1379 sunt
1310 1347 1448 1380 Domini.

866 1429 873 1437 .
900 1404 1030 1444 Semper
1055 1405 1186 1437 devotus
1210 1402 1355 1444 pontifex

899 1451 967 1483 Deo
992 1460 1106 1483 vacare
1129 1454 1281 1491 appetens

898 1498 1012 1530 Mundi
1036 1499 1155 1530 relictis
1180 1498 1323 1530 omnibus

898 1545 975 1576 Vult
1000 1553 1068 1576 esse
1091 1546 1261 1587 solitarius,

861 1613 868 1620 .
896 1592 980 1623 Nam
1003 1594 1088 1623 totus
1114 1593 1180 1624 Deo
1207 1593 1332 1624 deditus

901 1638 1035 1670 Nomine
1058 1642 1089 1670 et
1113 1640 1272 1679 operibus.

869 1721 875 1727 .
903 1695 979 1728 Gum
1005 1695 1167 1736 discipulis
1189 1697 1238 1729 vir
1261 1697 1322 1729 Dei

900 1742 1030 1774 Secreta
1053 1743 1192 1775 lustrans
1216 1744 1332 1783 Vosagi

899 1790 1044 1822 Perstitit
1066 1791 1099 1821 in
1125 1790 1290 1832 Gallilaea‚

900 1836 991 1868 Valle
1014 1837 1091 1869 satis
1116 1838 1327 1878 accommoda,

864 1908 869 1914 .
900 1883 992 1916 Prius
1016 1893 1185 1924 perpessus
1210 1885 1348 1925 plurima

898 1930 949 1962 Ab
972 1931 1088 1963 invidis
1112 1932 1319 1967 incommoda.

959 2045 1006 2076 In
1031 2046 1064 2077 3.
1087 2045 1322 2078 Nocturno.

1046 2114 1239 2151 Antiphonae.

868 2200 874 2206 .
900 2176 1036 2216 Propter
1059 2186 1095 2209 se
1119 2176 1237 2210 factum
1262 2187 1432 2218 pauperem

901 2222 1078 2255 Deodatum
1104 2225 1276 2264 respiciens

898 2268 950 2300 Ex
974 2271 1050 2302 sede
1074 2280 1132 2304 sua
1154 2272 1308 2304 Dominus

899 2316 993 2348 Vitae
1018 2318 1132 2351 ditavit
1155 2319 1278 2358 opibus,

1638 102 1650 123 Ἰ
