1651 2588
761 108 993 142 „13-

300 203 386 244 Ergo
410 205 520 236 laudes
544 213 627 235 nune
651 203 768 235 Albino
976 203 1034 241 Qui
1059 205 1209 236 virtutum
1231 203 1360 243 gemmis
1386 202 1490 233 elai-ns

347 251 491 283 concinat
512 252 592 283 haec
616 250 732 287 concio,
973 249 1041 282 Deo
1057 250 1166 283 {actus
1189 259 1222 282 es
1248 250 1393 290 dilectus,

300 297 381 329 Nam
407 297 460 337 qui
485 298 581 329 eorde
605 302 738 337 poscunt
757 297 846 328 illum
975 296 1021 328 Te
1045 300 1164 336 orante,
1192 298 1409 336 deprecamur,

346 344 530 384 propulsato
555 344 631 376 vitio
752 338 760 344 “
974 344 1005 375 A
1029 344 1168 383 peccatis
1194 343 1315 383 expiari

393 391 605 423 Renovantur.
974 390 1081 429 Atque
1104 394 1206 422 tecum
1230 400 1327 431 supra
1351 389 1454 421 coelos

420 445 466 473 Ad
483 445 661 481 Magnificat.
974 436 1119 469 Exaltari
1142 437 1279 477 gloriose

228 495 269 528 A.
296 494 320 527 O
345 494 471 534 Albine,
495 494 622 533 praesul
646 495 764 531 sancte,
977 482 1149 524 Regna-turi
1173 484 1242 515 Sine
1264 483 1338 515 fine·

306 577 391 603 Brev.
412 585 465 603 ms.
484 577 513 604 S.
527 576 628 604 Albini
641 575 826 611 Andegaven.
846 583 921 602 saec.
942 573 985 602 15.
1007 584 1051 603 ex.
1066 576 1136 603 Cod.
1149 575 1336 610 Andegaven.
1359 573 1421 602 108.
1441 574 1477 600 A.
1490 588 1530 592 —

231 614 349 649 Antiph.
369 622 421 640 ms.
438 613 642 642 Bellovacense
662 620 735 639 sace.
756 612 800 640 14.
821 614 853 639 in
867 612 934 639 Cod.
950 612 1191 649 Sangenovefian.
1212 612 1280 640 BBl.
1295 613 1358 639 F01.
1379 610 1424 639 26.
1443 612 1474 639 B.
1491 625 1528 629 —

233 652 316 678 BrcV.
337 650 367 678 S.
390 651 488 678 Albini
515 653 583 686 imp.
603 650 755 685 Andegavi
777 647 858 677 1531.
880 649 909 676 Ο,
934 665 972 669 -
998 651 1021 678 B
1041 650 1094 677 hat
1111 650 1194 676 nieht
1211 649 1410 677 monastisehe
1427 649 1528 682 Form;

230 689 275 716 die
301 689 496 716 monastische
517 690 555 716 ist
575 687 829 724 augenseheinlich
847 687 895 714 die
913 687 1143 723 urspriingliehe.
1164 702 1201 706 ——
1220 687 1256 713 In
1279 686 1304 714 1.
1323 688 1412 722 Vesp.
1432 686 1486 713 hat
1505 687 1527 713 B

228 727 294 753 fsmf
310 724 371 759 AA,
392 726 438 752 die
458 727 523 753 ffinf
540 728 643 753 ersten.
684 725 730 752 Ad
748 726 846 761 Magn.
867 723 905 751 A:
927 725 950 752 O
970 724 1084 756 Albine
1106 724 1222 760 praesul
1242 727 1341 752 sancte
1361 727 1414 752 etc.
1435 725 1475 759 133
1497 726 1529 751 in

230 763 280 791 AC
300 764 378 790 steht
397 763 449 790 das
468 772 562 800 ganza
575 762 708 790 Officium
728 772 793 790 zum
812 763 917 790 festum
929 762 1143 790 TranslatimniS
1167 762 1226 789 und
1245 762 1367 797 beginnt
1382 763 1438 789 mit
1451 763 1530 789 einer

230 800 252 827 A
273 803 304 828 in
318 801 502 836 Reimprosa:
524 800 677 828 Confessor
693 800 810 828 Domini
824 800 937 832 Albine,
955 799 1115 827 adstantem
1130 800 1244 834 plebem
1258 800 1415 827 earrobora
1428 802 1529 826 saneta

231 840 456 870 intercessione,
478 842 512 866 ut
530 840 580 874 qui
603 839 737 865 uitiorum
757 838 884 874 pondere
910 838 1082 873 premimur,
1108 837 1298 865 beatitudinis
1323 840 1392 864 tuae
1418 838 1529 864 meritis

231 876 417 904 sublevemur
437 880 465 903 et
484 879 513 904 te
533 877 605 903 duce
625 878 743 903 aeterna
762 877 892 911 praemia
911 883 1129 910 consequamur.
1161 875 1218 902 Die
1238 876 1278 902 im
1297 876 1373 902 Text
1392 874 1529 902 stehende

230 913 249 939 Α
275 913 365 940 findet
389 913 450 940 sich
474 915 507 941 in
525 914 575 941 Ac
599 915 630 940 iu
657 912 680 940 1.
700 913 789 949 Vesp.
815 913 852 940 ad
870 913 968 948 Magn.
993 913 1043 940 des
1065 912 1267 948 Hauptfestes,
1295 914 1326 939 in
1347 912 1370 939 B
1397 912 1440 939 als
1467 910 1485 938 2
1506 910 1528 937 A

230 952 281 978 der
303 948 329 978 3-
349 951 433 978 Noct.
469 953 516 979 Sie
536 951 640 987 gehiirt
658 950 912 986 augenseheinlich
932 959 970 976 zu
988 949 1096 977 diesem
1115 949 1257 978 Officium.
1277 964 1314 968 --
1333 950 1368 977 In
1390 949 1414 976 B
1433 949 1530 976 fehlen

231 989 328 1016 seiner
352 988 491 1016 kfirzeren
514 989 599 1016 Form
627 996 725 1023 wegen
751 989 799 1015 die
824 988 886 1014 drei
911 988 1020 1014 letzten
1041 986 1085 1013 ΗΒ
1111 988 1161 1015 der
1186 984 1213 1014 3.
1236 987 1320 1014 Noct.
1343 987 1400 1014 alle
1420 987 1531 1014 andern

233 1026 317 1053 Teile
342 1026 408 1052 siml
435 1026 613 1058 vorhanden,
639 1034 694 1052 nur
718 1026 750 1052 in
776 1025 897 1053 anderer
916 1025 1203 1060 Aufeinande1folge3
1230 1024 1336 1052 ebeuso
1360 1024 1457 1051 fehleu
1483 1024 1530 1051 die

234 1064 340 1090 beiden
359 1064 478 1090 Prosen.
505 1079 543 1083 —
566 1064 604 1090 In
623 1061 649 1089 2.
669 1063 753 1090 Noct.
774 1062 797 1089 A
822 1061 845 1096 1,
866 1061 886 1089 4
904 1062 1066 1090 reclinabat
1083 1062 1116 1089 B.
1142 1078 1179 1082 —
1204 1060 1226 1088 A
1247 1059 1273 1095 2,
1294 1060 1312 1089 3
1332 1062 1419 1089 claris
1438 1062 1471 1088 B.
1492 1075 1529 1080 --

232 1099 254 1126 A
275 1099 302 1133 4,
332 1100 347 1128 1
368 1101 433 1128 Jam
456 1110 519 1128 eum
541 1101 574 1127 B.
599 1114 636 1118 —
663 1099 685 1125 A
704 1098 731 1133 4,
755 1098 773 1127 2
792 1100 874 1128 Jussi
893 1100 985 1136 patris
1005 1101 1038 1127 B.
1064 1114 1102 1118 -—
1129 1098 1149 1125 R
1170 1097 1196 1132 3,
1216 1097 1236 1126 4
1254 1099 1422 1126 mirificavit
1439 1099 1471 1126 B.
1493 1113 1528 1116 —

233 1136 253 1163 R
274 1137 294 1165 4
315 1140 354 1164 ist
373 1141 404 1165 in
424 1138 472 1166 Bc·
492 1138 582 1165 durch
603 1139 650 1164 ein
669 1137 798 1170 anderes,
820 1139 913 1165 einem
934 1137 1058 1165 anderen
1073 1137 1206 1165 Officium
1227 1137 1389 1164 entlehntes
1409 1139 1527 1164 ersetzt:

232 1176 339 1203 Sancte
358 1176 472 1207 Albine,
495 1176 601 1203 Christi
618 1175 773 1208 confessor,
795 1175 864 1202 audi
877 1176 1012 1210 rogantes
1031 1175 1163 1202 servulos
1184 1177 1212 1202 et
1230 1176 1429 1211 impertratam
1443 1175 1529 1201 coeli-

231 1216 278 1240 tus
306 1216 338 1240 tu
364 1213 441 1240 defer
471 1213 680 1249 indulgentiam
708 1215 761 1240 ct‹..
798 1213 834 1240 In
853 1213 877 1240 Β
904 1212 970 1239 siud
996 1213 1043 1240 die
1063 1213 1164 1240 lVorte
1189 1212 1283 1239 dieses
1304 1210 1323 1237 R
1353 1215 1441 1239 etwas
1471 1221 1528 1239 ¹{er-

232 1250 327 1277 stellt:
359 1250 429 1277 Cum
456 1252 607 1284 transiret,
635 1251 686 1284 qui
705 1250 818 1285 Regina
841 1250 1000 1277 Dicebatur
1027 1250 1194 1277 adolescens
1220 1249 1389 1277 Alabaudus
1410 1250 1531 1285 jacebat

234 1288 376 1323 quendam
395 1289 491 1315 vicum
512 1289 554 1315 ibi
573 1290 712 1314 mortuus.
742 1302 775 1306 —
795 1288 851 1315 Die
872 1286 919 1313 AA
940 1296 1026 1322 super
1047 1288 1180 1315 Psalmos
1200 1288 1231 1313 in
1251 1286 1307 1315 den
1325 1287 1442 1314 Laudes
1463 1287 1529 1314 sind

230 1326 262 1351 in
283 1326 361 1352 allen
381 1325 503 1358 Quellen
523 1325 688 1361 prosaisch3
709 1326 741 1352 in
759 1326 783 1352 B
804 1325 878 1352 auch
898 1325 945 1352 die
959 1323 1007 1351 AA
1028 1325 1065 1352 ad
1079 1325 1185 1352 Bened.
1204 1324 1264 1351 und
1285 1326 1318 1352 in
1338 1325 1388 1352 der
1407 1326 1529 1352 zweiten

233 1363 352 1398 Vesper.

669 1530 697 1560 4.
736 1531 780 1561 De
799 1529 906 1560 saneto
928 1528 1094 1560 Ambrosio.

372 1628 418 1659 In
444 1628 475 1661 1,
502 1627 717 1666 vesperis.
1039 1627 1085 1658 In
1112 1628 1142 1659 1.
1168 1626 1399 1659 Nocturno.

422 1701 467 1728 Ad
486 1700 662 1737 Magnifieat.
1120 1691 1313 1727 Antiphonae.

923 1750 953 1781 1.
982 1748 1057 1782 Cum
1083 1752 1165 1780 esset
1188 1749 1376 1782 Ambrosius

234 1772 272 1802 A.
299 1769 368 1800 Vox
391 1766 521 1799 infantis
545 1767 698 1799 insonuit:

980 1796 1018 1828 In
1048 1799 1152 1827 aetate
1175 1797 1299 1829 tenulus

307 1816 426 1855 Dignus
452 1814 637 1847 Ambrosius

303 1862 365 1894 Hie
390 1862 451 1893 erit
475 1862 651 1901 episcopus,

306 1910 359 1941 Ad
385 1909 472 1948 cujtis
499 1908 583 1940 voeis
608 1908 744 1939 sonitum

303 1957 428 1988 Favens
457 1956 589 1987 resultat
614 1955 756 1994 populus.

978 1843 1017 1876 In
1041 1852 1096 1874 sna
1123 1852 1202 1875 cuna
1224 1845 1356 1885 positus,

978 1889 1169 1921 Miraculum
1195 1890 1345 1923 divinitus

979 1936 1088 1968 Visum
1114 1941 1159 1968 est
1186 1946 1277 1977 quam
1302 1939 1457 1978 pluribus.

923 1994 953 2024 2.
979 1992 1120 2025 Examen
1145 2003 1239 2033 apum
1262 1995 1405 2027 insonuit

977 2039 1022 2072 Et
1044 2041 1078 2071 in
1101 2041 1252 2072 lectulum
1275 2043 1408 2075 intravit

370 2098 401 2129 A
412 2097 432 2129 d
455 2097 492 2129 M
501 2107 520 2128 a
528 2096 638 2128 tutin
648 2105 668 2127 u
677 2105 717 2127 m.
981 2087 1084 2127 Osque
1108 2089 1233 2127 parvuli
1259 2090 1412 2121 conclusit

979 2133 1168 2175 Faciemque
1191 2136 1320 2168 velavit.

435 2171 650 2199 mutatorium.
921 2192 952 2223 3.
977 2190 1195 2231 Remensoque
1219 2193 1347 2223 tramite

306 2240 484 2273 Adoremus
509 2238 688 2277 Dominum,
980 2239 1033 2270 Ad
1058 2238 1179 2269 eoelum
1203 2239 1324 2271 volavit

305 2287 361 2326 Qui
389 2289 531 2318 sanctum
554 2285 755 2318 Ambrosium
982 2284 1059 2317 Cum
1083 2287 1174 2316 tanta.
1195 2285 1366 2318 altitudine

306 2334 413 2374 Elegit
438 2334 628 2373 episcopum.
983 2330 1120 2372 Seseque
1143 2332 1271 2367 levavit.
