1650 2587
728 138 984 173 —191—

247 256 252 262 .
278 228 340 261 Est
363 230 396 262 in
421 231 523 263 Roma
546 241 608 263 vox
632 233 750 273 audita,

280 276 351 308 Hac
383 279 424 310 ad
448 278 586 318 palmam
611 281 835 320 transmigrata

281 323 401 356 Rachel
425 325 542 365 gaudet
567 326 738 367 consolata,

282 369 406 409 Sponsa
430 381 546 412 sponso
571 374 699 406 sociata.

280 416 352 449 Hac
375 419 529 451 laetemur
553 420 756 461 triumphata,

282 464 434 507 Caritate,
461 475 518 507 spe
543 467 688 506 probata,

280 511 325 544 Ut
346 517 456 546 nostra
480 513 522 545 sit
546 514 701 547 advocata

282 558 380 599 Virgo
406 561 502 593 caelis
529 565 687 595 coronata.

243 643 249 649 .
282 614 400 648 Christi
425 618 513 658 virgo
538 619 691 657 speciosa,

282 662 378 702 Cujus
402 665 469 696 vita
493 665 630 704 gloriosa

329 710 481 751 Refulget
502 713 663 754 memoria,

283 756 414 790 Gemma
438 759 541 790 nitens
565 760 715 801 pretiosa,

281 803 352 836 Hac
376 805 408 837 in
433 806 518 838 valle
541 807 719 845 procellosa

327 851 393 883 Fer
417 853 480 885 reis
505 854 655 894 remedia,

242 923 249 930 .
280 899 328 933 Ut
351 900 468 939 elapsis
495 898 658 932 fructuosa

281 946 352 978 Tua
375 955 472 986 prece
497 947 624 986 copiosa

328 993 431 1025 Detur
457 993 574 1026 Christi
598 994 710 1033 gratia.

304 1104 358 1136 Ad
385 1105 729 1146 Completorium.

396 1169 489 1207 Super
508 1170 650 1198 Psalmos.

241 1254 249 1261 .
281 1228 477 1267 Opportuna,
504 1228 592 1268 virgo
617 1229 681 1268 pia,

283 1274 335 1307 Ab
361 1275 505 1307 omnibus
530 1284 587 1306 nos
612 1276 707 1315 expia

282 1322 426 1354 Peccatis
452 1322 514 1354 tuis
537 1323 696 1361 precibuS,

284 1367 463 1401 Confractis
489 1369 588 1401 hostis
613 1369 743 1403 viribus.

373 1453 419 1480 Ad
438 1453 524 1481 Nune
544 1453 677 1481 dimittis.

283 1510 411 1550 Evigila
431 1519 527 1551 super
543 1520 611 1552 nos,
637 1512 725 1551 virgo
744 1512 835 1553 bona,

281 1557 326 1590 Et
338 1566 397 1597 per
410 1561 441 1589 te
450 1558 577 1590 luminis
586 1567 744 1591 sumamus
755 1560 837 1591 dona

279 1605 325 1638 Et
348 1606 450 1637 noctis
476 1614 640 1638 caveamus
665 1606 812 1638 tenebras

278 1652 323 1685 Et
346 1652 484 1685 labentis
508 1654 618 1685 mundi
641 1653 822 1688 illecebras,

350 1757 411 1788 Ad
433 1757 695 1789 Matutinum.

412 1822 629 1850 Invitatorium.

282 1880 447 1912 Adoretur

332 1936 400 1967 rex,
427 1936 561 1967 sponsus
586 1929 750 1972 virginum,

285 1974 382 2013 Cujus
406 1973 509 2006 fertur

330 2022 451 2053 virtute
474 2022 615 2054 lucidum

283 2070 471 2109 Opportuna

329 2117 371 2148 ad
396 2115 547 2149 Abrahae
570 2117 683 2150 sinum.

348 2222 395 2253 In
421 2222 452 2254 1.
478 2220 708 2254 Nocturno.

429 2286 625 2322 Antiphonae.

223 2350 254 2383 1.
278 2348 475 2388 Opportuna,

331 2394 396 2427 Dei
418 2393 508 2434 virgo
535 2393 645 2436 electa,

960 236 997 267 In
1024 235 1130 267 divina

1009 281 1139 314 caritate
1162 279 1314 320 perfecta,

961 329 1055 361 Scuto
1079 329 1148 367 spei

1009 385 1047 408 ac
1070 374 1145 407 fidei
1170 377 1290 416 ornata,

963 422 1123 455 Castitatis

1008 470 1075 501 lilio
1099 469 1248 501 roborata

960 517 1099 555 Ideoque

1008 564 1048 595 ab
1069 563 1188 603 angelis
1213 562 1305 604 elata,

962 611 1000 643 In
1026 610 1119 642 choro
1146 619 1178 642 es

1006 657 1160 697 virginum
1187 660 1343 690 coornata.

928 739 935 746 .
961 714 986 746 O
1012 722 1104 754 quam
1127 713 1220 753 hujus

1008 761 1075 792 vita
1099 760 1278 801 laudabilis,

964 807 1059 846 Cujus
1082 808 1205 846 lampas

1007 854 1283 894 inexstinguibilis,

962 902 1012 933 Sit
1034 910 1094 942 pro
1117 902 1209 933 nobis

1008 949 1087 980 haec
1113 947 1333 988 deprecabilis,

961 995 1007 1027 Ut
1030 995 1072 1026 sit
1096 996 1197 1026 nostri

1007 1051 1063 1073 rex
1087 1042 1277 1074 miserabilis

960 1088 1143 1120 Adveniens

1006 1135 1105 1175 judex
1130 1134 1292 1166 terribilis.

930 1217 935 1223 .
964 1192 1200 1224 Solemnitatem

963 1240 1167 1279 opportunae

963 1286 1102 1326 Virginis
1128 1286 1229 1317 almae

964 1333 1176 1372 Suscipientes

964 1381 1067 1414 Corde
1092 1380 1228 1419 supplici

963 1426 1089 1460 Laudes
1114 1427 1249 1458 Domino

963 1474 1195 1515 Persolvamus‚

965 1522 1024 1561 Qui
1050 1521 1074 1552 ei
1097 1523 1284 1561 perpetuam

960 1569 1060 1602 Dedit
1083 1569 1226 1611 gloriam,

963 1617 1009 1650 Ut,
1033 1616 1094 1656 piis
1121 1616 1187 1655 ers
1212 1614 1333 1647 meritis

962 1665 1170 1696 Peccatorum

968 1711 1202 1750 Consequamur
1226 1711 1360 1741 veniam.

1099 1775 1306 1812 Responsoria.

933 1850 941 1857 .
968 1825 1098 1857 Sacram
1123 1825 1216 1864 hujus
1242 1823 1376 1855 eximiae

964 1872 1201 1905 Solemnitatem
1226 1871 1358 1911 virginis

966 1920 1167 1952 Celebremus
1192 1920 1226 1951 in
1249 1918 1311 1949 hac
1338 1918 1390 1950 die

964 1967 1106 2007 Repulsa
1130 1967 1202 1998 labe
1228 1965 1378 2005 criminis,

964 2014 1051 2053 Quae
1074 2013 1223 2066 linquens
1244 2013 1303 2044 hoc
1329 2013 1483 2051 exsilium,

967 2061 1067 2094 Cursu
1092 2060 1210 2100 adepta
1234 2060 1388 2100 bravium,

965 2109 1106 2141 Palmam
1133 2117 1244 2148 gerens
1269 2107 1423 2139 victoriae

964 2156 1082 2188 Fertur
1106 2155 1147 2187 ad
1173 2155 1319 2187 thronum
1345 2155 1473 2195 gloriae,

927 2231 935 2237 .
966 2203 1057 2242 Quod
1082 2211 1152 2234 cum
1175 2202 1339 2242 praecelsa
1363 2202 1484 2243 virgine

969 2250 1159 2290 Cunctisque
1185 2250 1263 2282 coeli
1289 2249 1410 2282 civibus

970 2297 1102 2330 Pietatis
1129 2296 1297 2330 dulcedine

967 2346 1124 2379 Concessa
1148 2345 1239 2377 nobis
1265 2346 1368 2386 gratia

966 2393 1005 2425 In
1030 2392 1150 2427 Christi
1173 2395 1264 2425 sonet
1288 2393 1427 2429 auribus,
