1651 2588
250 260 282 294 1.

255 1739 275 1769 tc>

753 115 1007 150 -160—

437 210 643 245 Responsoria.

306 259 480 300 Flagrabat
506 259 540 289 in
564 258 680 289 sanctis
704 256 857 288 militibus

308 306 470 338 Gloriosus
495 305 592 337 ardor
614 305 769 346 martyrii,

305 353 527 391 Fervebatque
550 351 631 384 fides
655 352 689 382 in
710 351 857 383 cordibus

305 399 523 432 Hortamentis
547 399 648 430 sancti
672 398 832 439 Mauritii3

308 447 359 479 Ex
381 448 496 479 ardore
518 445 662 485 patiendi

355 493 444 526 Colla
469 492 588 524 dabant
610 492 726 531 gladio,

308 541 388 572 Neci
413 548 482 572 sese
503 538 707 579 praeferendi

354 588 470 620 Fiebat
495 586 661 618 eontentio.

308 645 407 676 Arma
431 645 540 674 tenent
563 651 622 674 neo
643 642 805 682 resistunt,

307 691 371 723 Ore
394 691 499 728 silent,
524 690 608 728 pede
630 689 746 720 sistunt

355 738 418 769 Tot
441 736 557 768 milites
582 737 712 775 strenui,

309 785 397 817 Colla
412 783 576 824 praebent,
590 786 723 815 mortem
737 785 858 822 petunt,

306 832 439 863 Terram
456 835 574 870 serunt,
603 830 723 862 eoelum
737 832 860 862 metunt
916 830 953 863 V.

354 880 490 918 Propter
515 877 674 910 Christum
697 877 822 917 mortui,

306 926 462 958 Incitante
486 927 594 956 sancto
618 923 779 965 Maurifio,

310 973 529 1005 Concordante
552 973 618 1002 toto
645 971 809 1002 consortio.

276 1053 282 1059 .
311 1028 421 1060 Cedris
446 1027 518 1060 altis
544 1027 656 1058 excisis
681 1026 797 1057 Libani

355 1075 474 1114 Liquor
498 1082 587 1105 sacer
613 1073 748 1111 emicuit,

307 1123 372 1161 Quo
389 1120 507 1152 fluenta
520 1121 686 1151 creverunt
697 1119 853 1158 Rhodani,

356 1168 457 1200 Vallis
481 1167 615 1207 Agauna
638 1165 762 1208 rubuit3

309 1214 416 1246 Rubet
439 1215 543 1254 lictor,
566 1212 659 1243 rubet
682 1213 789 1252 telum,

309 1261 414 1292 Rubet
437 1263 531 1302 terra,
559 1259 652 1290 rubet,
676 1260 794 1291 eaelum

356 1309 419 1341 Tot
441 1309 675 1347 peremptorum
696 1306 855 1346 sanguine.

373 1420 417 1451 In
444 1421 475 1452 3.
501 1418 728 1450 Nocturno.

452 1482 645 1518 Antiphonae.

277 1565 283 1571 .
311 1541 361 1573 Ab
385 1541 531 1580 Aegypto
556 1542 629 1570 sunt
651 1539 797 1570 translati

357 1588 460 1619 Verae
481 1587 556 1617 vitis
579 1586 727 1625 palmites

309 1634 354 1666 Et
375 1635 407 1665 in
434 1633 519 1665 eoelo
544 1633 767 1672 transplantati

358 1681 420 1712 Per
443 1680 526 1719 regis
551 1679 712 1710 satellites.

279 1762 286 1768 .
311 1737 366 1768 Bis
392 1737 513 1768 decima
537 1735 718 1778 decollatur,

359 1783 405 1815 Ut
427 1785 494 1815 tota
520 1782 629 1813 cohors
653 1785 772 1822 pereat,

312 1830 375 1862 Sed
399 1831 470 1869 plus
497 1837 534 1860 ex
559 1829 619 1860 hoc
643 1829 807 1871 animatur,

357 1877 401 1909 Ut
424 1884 534 1916 parem
557 1878 691 1907 mortem
714 1876 836 1910 subeat.

278 1960 284 1966 .
310 1934 363 1965 Ad
386 1934 513 1964 lictores
538 1932 666 1963 tandem
686 1932 763 1963 laeti

359 1979 455 2012 Collis
479 1979 572 2010 nudis
596 1983 779 2019 properant,

311 2027 417 2058 Armis
442 2026 557 2066 spretis
581 2035 716 2066 poenam
739 2027 796 2058 leti

357 2075 493 2114 Propter
523 2073 680 2105 Christum
711 2074 857 2106 tolerant.

448 2157 653 2191 Responsoria.

281 2240 287 2246 .
313 2214 530 2247 Thebaeorum
551 2217 660 2246 sancta
683 2215 805 2255 militia,

311 2262 472 2301 Reparata
497 2262 592 2302 digna
614 2262 774 2302 memoria,

314 2308 436 2341 Grandi
459 2309 528 2350 pios
548 2310 652 2348 replet
674 2310 805 2349 laetitia,

311 2356 397 2388 Mira
426 2356 544 2390 eunctis
569 2355 691 2397 fulgens
716 2357 857 2390 victoria.

912 210 950 244 V.
985 209 1080 242 Coelo
1104 213 1196 250 rapto
1220 210 1332 242 mortis
1357 208 1516 247 supplicio-

983 256 1108 288 Vietrix
1135 260 1245 296 regnat
1270 258 1386 296 adepto
1409 255 1531 287 bravio.

951 357 958 364 .
986 332 1071 364 Coeli
1096 332 1270 372 congaudet
1295 332 1383 363 curia

984 379 1202 411 Thebaeorum
1227 379 1388 420 victoriae,

982 427 1065 466 Quos
1089 426 1204 458 stravit
1225 426 1310 465 regis
1334 424 1427 466 furia,

986 473 1155 505 Coronavit
1177 482 1234 505 rex
1259 473 1386 512 gloriae.

945 545 950 551 .
983 520 1098 552 Caesos
1124 520 1203 552 coeli
1227 520 1368 551 tulerunt
1391 519 1516 558 agmina

983 567 1084 599 Laeta
1096 568 1219 600 Christo
1234 567 1375 598 canendo
1386 565 1534 598 carmina.

950 667 958 674 .
982 643 1076 675 Felix
1099 643 1187 674 locus
1210 641 1417 683 Agaunensis‚

983 690 1048 722 Tot
1061 692 1241 721 sanctorum
1254 690 1368 729 plenus
1380 687 1532 727 reliquiis,

988 737 1125 775 Quorum
1149 737 1256 768 multis
1279 739 1312 767 et
1335 735 1495 767 immensis

987 784 1090 824 Signis
1108 783 1216 823 fulget,
1235 783 1351 823 gaudet
1366 781 1533 822 suffragiis,

983 831 1029 863 Et,
1051 831 1182 871 insignis
1206 830 1282 862 urbs
1308 829 1442 868 Galliae,

1032 878 1154 909 Vienna
1177 880 1298 919 vocata,

985 924 1082 956 Sacro
1109 925 1197 956 ducis
1220 924 1354 956 militiae

1033 971 1143 1010 Capite
1169 972 1286 1004 dotata.

1074 1148 1121 1180 In
1145 1149 1375 1181 Laudibus.

1127 1236 1322 1272 Antiphonae.

952 1343 959 1350 .
985 1318 1111 1350 Laudes
1137 1320 1264 1349 sanctae
1287 1318 1420 1349 militiae

1031 1365 1198 1397 Thebaeae
1221 1366 1355 1396 mundus
1380 1365 1513 1404 intonat,

984 1412 1037 1444 Ad
1062 1414 1260 1453 augmentum
1284 1412 1426 1444 laetitiae

1031 1459 1122 1491 Tuba
1147 1459 1290 1491 coelestis
1315 1461 1450 1491 resonat.

953 1560 960 1567 .
985 1534 1028 1565 Hi
1054 1534 1141 1573 prius
1168 1542 1205 1564 ex
1229 1534 1383 1566 militibus

1029 1580 1151 1611 Milites
1175 1581 1277 1619 electi,

984 1627 1060 1658 Post
1083 1635 1152 1657 cum
1178 1627 1257 1658 coeli
1281 1627 1407 1667 regibus

1032 1673 1134 1713 Reges
1159 1677 1233 1704 sunt
1256 1672 1367 1705 effecti.

953 1774 961 1782 .
984 1747 1080 1779 Miles
1106 1748 1207 1779 dictus
1224 1749 1335 1780 Victor
1359 1749 1536 1789 praesagio,

986 1795 1071 1826 Vere
1095 1795 1196 1826 victor
1221 1794 1324 1827 faetus
1348 1796 1512 1835 martyrio,

987 1841 1204 1873 Thebaeorum
1229 1841 1290 1874 fuit
1315 1842 1445 1881 collegio

987 1889 1120 1921 Junctus
1133 1892 1244 1929 morte,
1260 1890 1387 1929 junctus
1401 1892 1431 1920 et
1444 1898 1536 1929 prae-

1309 1945 1381 1969 mio.

954 2027 961 2033 .
988 2002 1088 2034 Sonus
1113 2002 1199 2033 vocis

1031 2048 1162 2080 infantis
1185 2051 1301 2081 mortui

983 2095 1096 2127 Finem
1119 2097 1229 2128 matris

1031 2143 1166 2182 imponit
1189 2144 1296 2177 luctui.

929 2218 959 2249 5.
985 2218 1202 2250 Thebaeorum
1227 2228 1354 2262 cuneus,

1032 2264 1101 2297 Deo
1128 2274 1218 2297 cai-us
1242 2268 1391 2308 moribus,

989 2311 1148 2344 Candidus
1174 2317 1206 2344 et
1229 2314 1356 2353 rubeus,

1034 2359 1164 2392 Electus
1190 2369 1229 2392 ex
1251 2361 1388 2395 milibus,
