1650 2587
685 107 945 140 —128—

314 201 362 233 In
387 199 620 234 Laudibus

277 1045 420 1069 sermone
444 1039 587 1077 paterno,

235 1083 367 1116 Vincula
389 1092 430 1114 ne
452 1084 541 1123 pacis

282 1133 407 1162 vestrae
428 1139 497 1162 sors
521 1131 586 1163 ulla
610 1132 756 1165 resolvat.

203 1219 210 1228 .
237 1195 325 1228 Tunc
350 1195 513 1227 benedixit
534 1205 586 1228 eos

282 1243 431 1274 coelestia
457 1243 538 1274 dona
561 1244 731 1284 precando,

235 1290 272 1321 In
299 1291 385 1321 coelo
409 1289 509 1321 visum

284 1336 435 1368 defixsum
460 1345 584 1376 semper
607 1337 763 1372 habendo.

1026 200 1071 228 Ad
1091 199 1273 227 Benedictus.

374 273 567 309 Antiphonae.
840 268 880 299 A.
913 267 1059 299 Laudent
1083 264 1197 297 cuncta
1219 265 1318 297 Deum

958 323 1078 354 verum,
1094 321 1184 353 mage
1202 321 1279 353 grex
1298 313 1462 344 monacho-

178 352 208 384 1.
237 349 404 382 Gonfessor
428 351 555 382 Domini
1234 369 1314 400 rum,

281 405 350 430 eum
375 405 409 429 se
429 397 496 436 ,iam
523 406 617 429 earne
641 399 756 430 resolvi
912 408 992 440 Nam
1017 407 1092 440 tulit
1114 407 1147 438 jn
1172 407 1291 438 coelum

233 444 420 498 Ρῐᾶθὸῧῗῐζθῗι
447 443 563 476 fratres
680 492 686 498 .
957 455 1112 495 Majolum
1138 462 1276 493 veraque
1301 454 1385 494 vitis,

279 493 400 523 monult
417 491 456 523 de
472 495 573 523 morte
595 501 781 532 propinqua.
911 502 1100 535 Palmitibus
1124 501 1241 532 sanctis

201 593 207 599 ¹
232 566 310 598 Mox
333 567 441 598 tristes
465 565 600 598 fratrum
958 559 1014 603 sua
1037 549 1083 581 ibi
1104 549 1170 587 jam
1197 548 1280 580 dona
1301 550 1458 587 coaequat

280 618 401 645 mentes
416 613 506 645 dolor
519 619 652 655 occupat
662 615 783 657 ingens,
913 598 1008 650 (ju-3¹¹3
1034 598 1194 629 consortes

235 661 358 700 Gurque
380 664 476 701 tuum,
504 662 689 702 exclamant,
954 644 1066 683 ⁴Jubeat
1088 651 1146 674 nos
1168 651 1236 674 esse
1260 651 1424 682 perennes.

281 707 361 739 bone
385 710 496 748 pastor
519 709 634 749 linquis
660 710 742 741 ovile
752 712 768 740 2³

200 804 207 811 .
234 782 347 814 Verbis
372 783 459 814 hisce
483 792 555 815 suos

278 830 446 862 lacrimans
468 830 581 862 affatur
605 832 738 866 amicos:
978 831 1021 863 In
1049 833 1080 864 2.
1107 831 1320 870 Vesperis.

234 876 326 908 Josus
350 879 459 917 pastor
483 881 598 918 vester,

283 933 356 956 oves
381 924 433 963 qui
457 926 609 964 sanguine
633 927 743 965 pascit.
1030 924 1075 952 Ad
1093 922 1272 960 Magnificat.

200 1014 207 1021 .
234 990 365 1022 Viscera
388 998 442 1021 vos
465 998 536 1021 mea
560 1000 739 1024 commoneo
841 1011 871 1041 A
910 1010 980 1043 Jam
1005 1009 1120 1041 festiva
1143 1010 1210 1041 dies

959 1065 1081 1088 omnem
1091 1056 1281 1088 celebranda
1289 1065 1347 1096 per
1354 1057 1461 1088 orbem

911 1104 1036 1144 Fulget,
1061 1112 1121 1142 qna
1144 1102 1296 1134 Dominus

956 1151 1110 1190 Majolum
1134 1150 1232 1180 traxit
1256 1150 1295 1181 ab
1320 1150 1402 1191 imis,

910 1198 1093 1229 Adnectens
1118 1197 1251 1236 superis,

958 1245 1084 1284 placeat
1106 1251 1291 1275 succurrere
1315 1243 1406 1275 nobis

911 1292 1016 1330 Atque
1040 1290 1105 1330 ejus
1129 1290 1276 1329 precibus

958 1337 1100 1377 paradisi
1125 1337 1240 1377 gaudia
1262 1337 1384 1371 dentur.

241 1420 410 1448 sanctorale
429 1421 584 1448 Aniciense
609 1422 678 1456 imp.
698 1422 794 1449 Anicii
822 1420 902 1449 1624.
929 1436 965 1440 —-
991 1421 1064 1449 Dass
1090 1420 1142 1447 das
1163 1420 1296 1448 Officium
1322 1421 1396 1448 filter
1422 1423 1462 1449 ist

168 1458 212 1484 als
232 1458 279 1485 die
299 1460 381 1494 sptite
402 1458 511 1491 Quelle,
533 1466 585 1485 aus
606 1459 657 1485 der
677 1467 707 1486 es
726 1459 790 1486 hier
809 1460 965 1494 mitgeteilt
983 1459 1065 1492 wird,
1085 1457 1155 1493 geht
1174 1458 1249 1485 wohl
1269 1467 1321 1485 zur
1341 1459 1461 1494 Geniige

166 1503 218 1522 aus
248 1495 312 1523 dem
334 1495 359 1523 1.
381 1496 468 1531 Resp.
489 1496 539 1523 der
560 1494 584 1523 1.
604 1497 687 1523 Ncet.
707 1497 823 1524 hei-vor:
851 1499 979 1524 nostro
999 1499 1127 1532 tempore
1148 1495 1312 1531 praeclarus
1332 1496 1388 1523 fuit
1407 1500 1460 1523 etc.

165 1533 378 1569 Ebensowenig
403 1533 484 1560 kann
503 1542 533 1560 es
554 1535 648 1561 einem
667 1534 783 1561 Zweifel
802 1534 996 1570 unterliegen‚
1022 1533 1084 1561 dass
1105 1533 1238 1560 dasselhe
1255 1534 1460 1569 urspriinglich

164 1570 210 1596 fiir
229 1572 330 1607 irgend
351 1573 415 1599 eine
434 1580 471 1597 zu
487 1571 582 1605 Cluny
602 1571 702 1607 horige
715 1572 802 1599 Abtei
820 1571 942 1599 versasst
959 1571 1076 1599 worden
1095 1570 1154 1597 und
1174 1572 1262 1598 somit
1279 1571 1460 1598 monastisch

166 1616 234 1634 war.
279 1609 354 1644 (Vgl.
382 1608 418 1636 ad
437 1608 545 1635 Bened.
566 1607 601 1634 A:
629 1616 713 1644 mage
737 1618 808 1644 grex
830 1609 1056 1642 monachorum.)
1093 1608 1151 1635 Die
1169 1608 1356 1643 vorliegende
1374 1609 1462 1636 Form

166 1646 248 1680 giebt
272 1646 334 1673 also
359 1645 491 1673 dasselbe
520 1646 602 1672 nicht
626 1646 812 1682 vollstfindig.
852 1646 1014 1682 Zugehdrig
1036 1645 1102 1673 sind
1122 1645 1169 1672 die
1187 1645 1292 1673 beiden
1311 1647 1460 1681 Hymnen:

168 1682 282 1710 Christe
301 1686 468 1710 cunctorum
487 1691 571 1717 mage
590 1683 640 1710 sed
662 1686 775 1710 tuorum
788 1684 860 1711 und:
880 1684 989 1718 Majole
1005 1691 1123 1710 consors
1140 1691 1299 1718 procerum.

577 1837 627 1868 48.
665 1837 709 1868 De
730 1839 836 1870 sancto
857 1839 1044 1871 Marcellino.

852 1929 882 1959 2.
909 1926 971 1958 Hic
994 1927 1122 1967 praesul
1144 1928 1178 1959 in
1202 1929 1350 1961 Vallania

306 1937 352 1968 In
379 1935 409 1968 1.
432 1934 646 1974 VesperiS.

909 1975 1015 2006 Fulsit
1038 1974 1149 2014 forma,
1176 1975 1242 2007 vita
1265 1977 1329 2017 pia,

376 2019 569 2053 Antiphonae.
955 2022 1079 2054 Micans
1101 2021 1163 2053 Dei
1187 2023 1314 2064 virtute,

910 2067 1063 2109 Christus,
1089 2077 1147 2100 rex
1166 2072 1284 2111 noster,
1309 2072 1457 2111 primitus

908 2115 946 2147 In
972 2117 1038 2155 ejus
1062 2119 1167 2147 mente
1192 2117 1322 2149 coelitus

956 2162 1081 2201 Quicvit
1105 2163 1173 2194 sine
1196 2164 1261 2198 lite.

178 2089 208 2120 1.
233 2088 439 2119 Marcellinus
465 2086 630 2126 episcopus

234 2134 278 2166 Et
300 2137 384 2166 totus
409 2133 599 2173 apostolicus

280 2180 421 2213 Reduxit
444 2180 483 2212 ab
509 2188 616 2211 errore

234 2228 388 2267 Populum
412 2227 645 2259 Vallanensium

233 2275 323 2306 Dans
348 2274 474 2306 salubre
498 2274 681 2314 remedium,

281 2323 409 2354 Fultum
435 2321 540 2354 divino
565 2331 645 2353 rore.

852 2229 883 2262 3.
911 2228 1014 2261 Corde
1037 2236 1148 2260 securo
1173 2228 1352 2270 Dominum,

910 2275 968 2313 Qui
992 2277 1175 2314 redemptor
1200 2279 1248 2307 est
1270 2278 1440 2318 hominum,

957 2323 1087 2355 Secutus
1110 2322 1314 2363 incessanter,
