1651 2588
693 93 946 128 —106-

200 190 231 220 2.
246 189 284 220 In
309 198 370 228 qua
397 188 598 221 daemonibus

293 235 446 268 libamina
467 234 554 267 ferre
576 239 718 276 paratur,

248 282 294 315 Ut
315 283 444 315 veniant
468 291 584 323 omnes,

295 330 356 361 cito
380 329 510 361 mandat
532 338 590 368 per
614 330 766 369 regiones.

201 396 231 429 3.
245 395 373 427 Adsunt
396 395 527 435 gentiles

292 441 414 473 mixtim
440 441 618 481 Christique
642 441 752 473 fideles

249 488 392 520 Caesaris
418 489 460 520 ad
480 488 602 527 jussum

292 535 482 567 malesanum
507 533 743 573 perficiendum.

385 626 589 662 Responsoria.

176 689 205 720 R
224 690 386 723 1.Nobilis
412 695 443 724 et
466 692 599 731 pulchra

292 739 432 776 prudens
457 739 636 771 Katharina
659 740 766 779 puella

246 783 379 824 Flagrat
402 794 507 818 amore
531 786 602 828 Dei,

296 834 419 871 spernit
440 842 520 873 vaga
543 833 658 873 gaudia
676 833 797 875 mundi,

178 877 218 910 V.
251 877 307 909 Cui
331 888 388 911 rex
413 888 507 912 carne
530 882 622 919 pater

296 924 401 958 fuerat
424 926 593 966 reginaque
617 929 726 961 mater.

203 991 233 1022 2.
248 991 437 1031 Martyrium
460 992 579 1032 sitiens,

295 1038 446 1071 libamina
472 1038 615 1070 Caesaris
640 1039 771 1071 horrens

246 1084 415 1118 Exclamat
439 1085 608 1126 Christum,

294 1133 797 1174 praeterquemnilvenerandum,

179 1177 218 1209 V.
249 1177 460 1211 Daemonibus
485 1180 580 1218 plena

297 1228 371 1257 sunt
381 1226 470 1265 haec,
491 1226 545 1266 ait,
558 1226 655 1266 idola,
668 1228 797 1266 templa.

204 1290 338 1323 3.Haec
362 1291 594 1331 quinquagenos

298 1340 438 1369 oratores
463 1341 626 1377 superatos

251 1384 370 1424 Dirigit
394 1385 434 1416 ad
461 1385 562 1416 coelos

298 1440 406 1462 aurum
434 1431 522 1463 velut
544 1431 617 1471 igne
638 1433 799 1474 probatos,

179 1476 217 1510 V.
248 1476 400 1510 Efficiens
425 1480 521 1509 testes

297 1523 382 1565 fidei,
407 1534 484 1565 quos
506 1526 638 1564 pertulit
661 1526 776 1558 hostes.

310 1647 356 1678 In
382 1648 413 1679 2.
439 1645 672 1679 Nocturno.

395 1720 516 1755 Antiph‹
522 1729 590 1747 mae.

210 1783 240 1815 1.
254 1783 340 1814 Ecce
365 1782 432 1815 dies
456 1782 555 1813 tristis

300 1830 412 1861 aderat
434 1829 608 1870 plenusque
634 1831 760 1872 doloris,

252 1878 318 1916 Quo
345 1877 459 1909 Christi
487 1885 595 1908 servos

298 1923 395 1962 jussit
416 1924 518 1955 libare
538 1926 700 1963 tyrannus.

209 1989 415 2022 2.Ecclesiae
438 1990 505 2022 nati

301 2041 477 2070 moerentes
502 2040 534 2068 et
557 2036 726 2076 stupefacti

254 2084 415 2116 Auxilium
439 2084 566 2117 Domini

301 2134 435 2170 poscunt
443 2140 538 2170 super
546 2131 625 2162 haec
634 2130 802 2163 benedicti.

211 2197 241 2230 3.
254 2197 309 2229 Fit
333 2207 426 2230 sonus
452 2199 484 2229 et
508 2197 635 2236 clamor,

302 2245 449 2277 animalia
472 2247 559 2276 muta
582 2244 759 2283 trahuntur,

257 2291 325 2323 Vox
351 2291 476 2324 diversa
500 2294 599 2331 sonat,

303 2339 378 2371 urbs
402 2340 468 2371 late
490 2341 558 2370 tota
580 2338 722 2369 resultat.

1056 186 1262 223 Responsoria.

866 254 896 287 1.
923 254 948 286 O
973 263 1066 293 quam
1088 252 1197 285 felices

968 309 1027 340 per
1051 303 1093 341 te,
1119 299 1326 339 sanctissima,
1352 299 1472 340 plures,

921 348 1003 387 Quos
1025 348 1116 387 jubet
1140 347 1242 379 occidi

969 404 1027 434 pro
1046 395 1169 427 Christo
1191 394 1336 425 turbidus
1361 392 1470 430 hostis,

852 442 889 474 V.
921 442 998 474 Cum
1023 442 1102 474 duce
1127 441 1303 480 Porphyrio

967 487 1005 520 fit
1028 492 1150 529 martyr
1175 487 1318 519 Caesaris
1342 495 1431 518 uxor.

865 546 896 578 2.
920 545 1040 584 Impius
1065 545 1147 576 hanc
1171 543 1288 576 Caesar

970 591 1040 622 sisti
1061 591 1153 630 jubet
1176 593 1249 621 ante
1273 590 1421 630 tribunal,

915 637 1007 669 Hanc
1030 641 1067 668 ut
1089 639 1260 677 pervertat,

971 684 1053 715 sicut
1071 685 1166 716 draco
1191 684 1242 715 vel
1266 684 1316 715 leo
1342 686 1453 723 certat,

854 731 892 764 V.
922 731 985 763 Illa
1008 734 1114 763 manet
1139 733 1294 770 constans,

971 778 1091 810 blanda
1113 785 1173 809 nec
1197 785 1312 816 aspera
1335 786 1457 809 curans

867 836 898 867 3.
924 834 1022 875 Virgo
1045 832 1234 874 flagellatur,

971 881 1141 913 crucianda
1164 879 1248 912 fame
1270 880 1433 920 religatur,

926 928 1060 960 Carcere
1085 929 1191 960 clausa
1214 931 1329 966 manet,

972 975 1026 1006 lux
1053 976 1169 1007 coelica
1193 973 1264 1005 fusa
1288 973 1434 1015 refulget,

924 1022 1057 1062 Fraglat
1081 1022 1169 1061 odor,
1197 1021 1304 1052 dulces

973 1071 1101 1101 cantant
1114 1067 1193 1100 coeli
1205 1068 1330 1107 agmina
1344 1068 1454 1100 laudes
1466 1079 1473 1108 ;

855 1116 892 1147 V.
925 1115 1063 1155 Sponsus
1088 1117 1174 1147 amat
1197 1123 1352 1155 sponsam,

973 1164 1111 1195 salvator
1135 1161 1244 1194 visitat
1265 1162 1364 1195 illam.

1098 1253 1238 1282 Prosella.

929 1318 1065 1350 Cantant
1090 1316 1169 1348 coeli
1193 1316 1308 1347 milites

973 1364 1188 1396 collaudantes
1212 1363 1382 1405 virginem3

926 1411 1041 1452 Atque,
1067 1419 1108 1442 ne
1133 1408 1267 1452 deficiat,

974 1457 1159 1490 roborantes
1184 1459 1365 1496 martyrem.

927 1504 988 1536 Illa
1012 1507 1081 1535 tuta

973 1559 1102 1582 manens
1128 1548 1303 1582 carnificem

919 1597 989 1629 Nec
1012 1606 1128 1637 poenas
1154 1605 1206 1627 ex-

974 1645 1083 1676 horret
1105 1651 1165 1675 nec
1191 1642 1366 1685 Caesarem,

928 1691 992 1723 Sed
1015 1691 1100 1722 laeta
1122 1690 1257 1723 Domino

974 1738 1128 1777 persolvit
1151 1737 1271 1769 laudes.

990 1857 1036 1891 In
1062 1861 1092 1892 3.
1119 1859 1305 1891 Nocturn
1317 1869 1344 1891 o.

1073 1933 1267 1968 Antiphonae.

874 2000 903 2031 1.
928 2000 1088 2032 Processit
1110 1999 1199 2039 virgo

974 2046 1097 2079 Christo
1124 2047 1293 2079 comitante
1317 2050 1461 2089 patrono,

922 2092 1038 2125 Adfuit
1062 2097 1093 2125 et
1116 2094 1220 2135 turba,

976 2141 1152 2180 sapientum
1177 2140 1282 2172 fronte
1307 2141 1454 2180 superba.

872 2197 904 2229 2.
929 2196 1018 2228 Haec
1042 2197 1201 2229 Christum
1225 2197 1393 2229 Dominum

976 2242 1159 2276 firmaverat
1183 2253 1251 2276 esse
1275 2245 1479 2285 sequendum,

933 2290 985 2321 Illi
1009 2290 1160 2323 falsorum

980 2341 1089 2370 contra
1112 2338 1282 2372 simulacra
1305 2338 1444 2372 deorum.
