1651 2588
711 94 944 128 *30-

224 213 231 220 .
261 185 317 218 Aa
340 187 469 220 laudem
485 188 614 220 divinae
627 188 806 228 maiestatis

264 236 292 264 eb
321 234 462 275 fissuram
492 234 681 267 individuae
711 234 806 267 mni-

261 281 346 313 tatis.

228 359 234 366 .
259 335 347 367 Haec
371 335 488 368 famula
511 336 587 368 Jesu
613 336 728 369 Christi

308 384 408 415 multa
427 383 507 414 mira
531 384 636 426 gessit,

262 429 390 469 Signum
416 429 516 461 crucis
543 433 574 461 et
596 430 745 462 marmori

309 476 406 516 digito
430 476 599 519 impressit,

261 523 351 562 Quod
377 531 461 555 nunc
486 526 518 554 et
539 524 573 555 in
596 525 782 562 perpetuum

307 570 448 601 omnibus
473 569 616 609 patescit.

222 642 229 648 .
258 616 424 648 DIz'rabz'lz's
441 616 531 648 Deus
550 617 587 648 in
601 616 721 648 sanctis
737 616 805 648 suis

258 666 287 693 et
317 661 475 703 qlorz'osus
500 663 537 694 in
561 663 708 695 omnibus
733 671 805 702 (Ψε-

261 709 348 741 ribus
370 708 448 741 suis.

229 791 235 798 .
262 765 378 797 Inclita
401 768 531 805 martyr,
557 773 625 805 ave,

306 821 378 851 spes
402 814 511 844 nostra
527 813 682 852 decusque
697 821 803 852 suave,

258 858 359 890 Nobis
384 867 453 891 esse
474 859 559 891 bona

308 905 445 945 digneris
468 906 584 945 ubique
607 909 750 948 patrona,

260 951 305 984 Ut
327 952 387 983 tibi
407 952 575 992 jungamur

309 1001 341 1029 et
365 999 445 1030 coeli
470 1000 545 1031 sede
568 998 718 1033 fmamur.

221 1070 228 1077 .
258 1045 493 1078 Tribulationes
547 1048 677 1078 nostrae
723 1046 804 1077 mul-

260 1092 422 1131 tiplicatae
460 1095 554 1135 sunt,
596 1092 634 1124 (Ze
671 1093 805 1125 necessi—

259 1139 377 1171 tatibus
403 1148 475 1171 erue
498 1149 567 1172 nos.

319 1253 364 1284 In
390 1254 421 1286 3.
447 1251 673 1285 Nocturno.

402 1317 595 1352 Antiphonae.

230 1402 237 1408 .
264 1375 311 1408 Ut
334 1376 422 1407 novit
445 1374 625 1414 Dioscorus,

309 1422 392 1461 quod
418 1424 500 1452 esset
526 1421 705 1454 Christiana

267 1468 330 1500 Sua
354 1472 437 1507 nata,
464 1471 569 1500 monet
593 1468 674 1499 hanc

310 1516 397 1548 idola
422 1516 505 1555 quod
531 1524 613 1548 vana

264 1562 396 1605 coleret,
424 1571 503 1602 quae
528 1562 623 1594 coluit

310 1610 447 1649 dignitas
469 1609 619 1640 Romana.

231 1691 237 1699 .
263 1665 327 1697 Sed
349 1666 410 1697 hoc
432 1665 507 1704 quia
530 1664 661 1705 respuit,

311 1712 418 1745 multis
444 1714 492 1742 est
515 1710 643 1753 afflicta,

263 1758 325 1790 Sed
350 1759 467 1790 virtute
492 1758 618 1790 Domini

310 1806 483 1845 permansit
506 1805 633 1847 invicta,

263 1854 427 1892 Quousque
450 1861 544 1884 manu
568 1851 672 1891 patria

309 1898 370 1931 fuit
394 1908 468 1931 ense
490 1900 564 1933 icta.

231 1973 237 1980 .
265 1946 350 1985 Quae
375 1946 469 1979 coelis
494 1945 651 1985 tripudias

312 2002 381 2025 cum
406 1993 559 2032 triumphi
581 1992 697 2032 palma,

264 2042 326 2073 Pro
350 2041 441 2073 nobis
467 2049 522 2072 ora
542 2038 661 2079 jugiter

311 2087 479 2128 Christum,
500 2090 622 2127 martyr
645 2086 739 2117 alma.

399 2153 603 2188 Responsoria.

229 2229 235 2236 .
263 2200 379 2233 Sancta
402 2201 501 2241 virgo,
524 2199 651 2232 Domini

309 2249 461 2280 solamine
484 2248 603 2287 adjuta,

263 2296 405 2328 Cultores
429 2294 596 2326 idolatriae

307 2343 353 2375 sic
379 2346 425 2375 est
451 2341 608 2375 allocuta:

932 189 985 220 Dii
1010 190 1108 221 vestri
1132 193 1206 222 sunt
1227 190 1324 230 idola,

980 235 1167 277 manufacta,
1193 239 1288 276 muta,

936 283 1021 321 Quae
1042 283 1128 315 nullo
1153 284 1300 315 incendio

982 334 1115 369 possunt:
1139 340 1208 362 esse
1232 333 1308 362 tuta.

865 377 901 410 V.
931 376 1059 409 Similes
1086 377 1151 409 illis
1180 378 1280 418 fiant,
1314 377 1371 417 qui
1401 376 1483 415 faci-

932 426 992 455 zmt
1025 433 1063 455 ea
1086 426 1115 455 et
1138 433 1262 467 omues,
1298 424 1355 464 qui
1384 423 1483 463 confi-

933 470 1013 502 dunt
1035 471 1073 502 in
1098 470 1150 502 eis.

876 547 907 579 2.
933 544 1077 577 Dilectae
1099 545 1161 576 sibi
1184 545 1347 577 Barbarae

982 591 1116 623 carceris
1141 592 1285 632 angustia

933 638 1114 670 Maceratae
1138 642 1171 669 et
1196 640 1374 679 discerptae

979 686 1086 717 nervis
1109 688 1204 717 nocte
1226 686 1333 718 media

934 731 1092 771 Apparuit
1116 732 1208 764 Jesus
1235 732 1378 766 Christus

981 780 1126 811 claritate
1149 780 1255 820 nimia,

931 826 1047 858 Dicens
1072 826 1138 859 illi:
1167 830 1313 859 constans
1339 831 1406 860 esto

981 876 1013 904 et
1035 873 1164 916 laetare,
1191 873 1267 914 filia,

931 919 1000 960 Ego
1024 928 1101 962 sum,
1129 930 1186 960 pro
1212 930 1272 960 quo
1292 923 1356 952 tam
1383 923 1462 954 dura

977 967 1112 998 sustines
1137 967 1303 1007 supplicia.

863 1015 901 1047 V.
932 1013 974 1045 In
988 1013 1206 1046 admiratiowe
1218 1015 1385 1054 adspectus
1393 1015 1483 1047 itlius

934 1061 1083 1099 attonita,
1106 1061 1232 1094 cocleae
1247 1063 1392 1102 percepit
1409 1072 1482 1094 ora-

934 1107 1050 1141 aulum.

877 1185 909 1216 3.
934 1183 1039 1214 Hodie
1064 1184 1153 1223 virgo
1176 1183 1321 1215 Barbara

984 1230 1023 1261 de
1047 1231 1116 1262 sinu
1142 1230 1293 1262 ecclesiae

935 1277 1088 1316 Migravit
1111 1277 1152 1308 ad
1179 1277 1328 1309 coelestia

979 1333 1049 1355 cum
1072 1323 1177 1364 palma
1202 1324 1363 1365 victoriae,

936 1371 1002 1410 Ουὶ,
1029 1371 1164 1403 animam
1191 1371 1263 1402 dum
1288 1371 1441 1411 reddidit,

982 1419 1130 1457 gaudium
1157 1418 1236 1449 coeli
1259 1417 1375 1452 intulit.

935 1465 973 1497 In
997 1466 1088 1497 istius
1113 1465 1249 1496 transitu

981 1515 1160 1543 sanctorum
1186 1511 1323 1544 exsultat
1349 1513 1461 1544 chorus

937 1557 1211 1598 Superum-umque
1236 1558 1349 1590 civium

984 1605 1217 1645 congratulatur
1241 1606 1407 1649 exercitus,

936 1652 1011 1691 Ipsa
1034 1651 1124 1684 nobis
1150 1652 1216 1691 ejus
1241 1661 1355 1691 sponso

983 1702 1072 1738 petat
1096 1699 1178 1731 dona
1202 1700 1321 1743 veniae,

937 1745 982 1778 Ut
1007 1755 1073 1777 cum
1100 1755 1138 1777 ea
1162 1747 1282 1779 visione

983 1792 1183 1833 perimamur
1205 1794 1334 1834 gloriae.

867 1841 905 1872 V.
934 1839 1120 1872 Immortali
1140 1850 1210 1873 vere
1226 1845 1399 1874 coronatur
1419 1842 1485 1882 910-

936 1887 999 1926 rz'a,
1025 1896 1107 1927 Quae
1129 1897 1265 1920 manens
1289 1889 1326 1920 in
1356 1899 1487 1930 corpore

935 1935 1068 1974 spiritus
1077 1934 1161 1967 beati
1166 1934 1275 1975 qratia
1282 1936 1485 1969 redundavit.

1020 2058 1068 2089 In
1093 2057 1322 2092 Laudibus.

1079 2131 1273 2166 Antiphonae.

870 2199 902 2231 1.
929 2199 1105 2240 Pangamus
1132 2200 1273 2232 celebres

984 2246 1116 2277 solemni
1142 2247 1278 2279 carmine
1294 2247 1404 2279 laudes

938 2292 1099 2325 Barbarae
1123 2292 1204 2326 festo

986 2340 1104 2374 Christi
1128 2341 1218 2373 testis
1242 2342 1432 2375 venerando.
