1650 2587
355 213 399 245 In
427 216 457 247 2.
484 214 713 248 Nocturno.

436 288 631 324 Antiphonao.

261 373 267 379 .
293 346 477 377 invocatum
504 347 575 386 ipse
599 347 699 379 Deum

292 392 414 424 Habuit
442 394 619 432 amabilem,

294 439 339 471 Et
364 441 523 472 excelsum
547 440 626 472 fecit
651 451 719 474 eum

296 486 487 528 (iunctisque
511 489 727 528 spectabilem.

259 579 265 585 .
294 553 388 586 Scuto
413 554 516 586 bonae
540 555 709 588 voluntatis

293 601 515 633 Praemunitus
535 603 642 641 jacula

293 647 365 679 Non
389 648 481 680 timet
504 649 708 689 malignitatis

289 695 399 727 Justus
424 696 492 727 sine
518 697 650 729 macula.

261 787 268 794 .
295 761 354 800 Qui
378 762 487 801 solem,
513 763 619 794 lunam
644 765 677 795 et
699 763 808 795 stellas

292 807 426 840 Lumine
450 808 667 849 praefulgidas

292 854 604 896 Firmamentumque
628 856 775 889 fundavit

294 902 461 935 Nicolaum
486 904 660 935 coronavit.

425 996 634 1030 Responsoria.

252 1088 259 1094 .
287 1061 466 1094 Nocturnas
489 1062 637 1094 excubias

333 1109 412 1149 vigil
437 1108 628 1141 observabat

287 1155 331 1188 Et
353 1156 456 1187 Deum
480 1155 650 1195 gemitibus

334 1204 398 1242 piis
425 1203 586 1242 exorabat,

290 1250 409 1288 Quibus
435 1251 501 1290 eJ'us
527 1251 629 1282 anima

335 1300 447 1329 saneta
467 1298 667 1338 pascebatur,

286 1344 398 1376 Donec
420 1344 452 1375 in
480 1345 590 1376 exsilio

335 1391 446 1423 mundi
470 1392 664 1426 morabatur.

246 1465 253 1471 .
284 1438 382 1470 Nulla
406 1448 479 1471 nam
500 1439 675 1472 adversitas

333 1486 405 1517 Vim
431 1487 497 1525 ejus
522 1486 700 1526 frangebat,

281 1532 400 1565 Mentis
424 1542 483 1564 nec
509 1534 602 1565 elatio

331 1581 443 1620 Ipsum
468 1580 650 1614 extollebat.

252 1670 259 1677 .
287 1646 475 1686 Magnitudo
500 1646 605 1678 meriti

329 1702 369 1725 ne
393 1696 537 1726 sanctum
563 1695 705 1734 extollat,

282 1741 386 1774 Belial
410 1740 612 1774 saevissimus

331 1797 401 1820 eum
427 1789 615 1831 colaphizat,

281 1836 346 1869 Sed
369 1837 459 1876 pugil
484 1834 676 1868 fortissimus

329 1884 403 1916 dum
428 1884 461 1916 in
486 1883 555 1916 Deo
580 1888 698 1924 sperat,

281 1932 378 1965 Suum
401 1935 494 1970 parat
519 1932 666 1972 animum,

326 1982 362 2011 ut
386 1979 522 2011 adversa
548 1978 640 2012 ferat.

241 2053 248 2059 .
280 2027 336 2059 Ait
363 2027 514 2059 daemon:
542 2025 665 2057 actibus

327 2075 390 2106 tuis
416 2073 613 2106 adversabor

279 2122 333 2160 Et,
360 2130 454 2161 quam
475 2121 612 2161 quaeris,
638 2120 771 2160 gloriam

326 2168 454 2201 auferre
480 2168 627 2200 conabor.

245 2263 252 2269 .
278 2234 430 2268 Nicolaus
455 2234 572 2274 spiritu

326 2283 439 2322 plenus
464 2282 585 2322 pietate

279 2330 457 2364 Revocavit
479 2329 633 2369 plurimos

327 2378 367 2410 ab
392 2377 570 2418 iniquitate,

843 120 910 156 187
959 140 1005 144 -

976 216 1111 255 Quorum
1136 224 1219 247 noxa
1241 213 1363 247 flebiles

1022 263 1114 295 simul
1138 263 1208 302 ipse
1231 260 1329 294 fiebat

974 310 1018 342 Et
1041 311 1083 341 ad
1107 310 1316 350 ponitentiam

1020 358 1104 397 ipsos
1129 356 1294 396 invitabat,

904 404 940 437 V.
970 404 1053 435 Nam
1076 404 1294 436 misericordia

1021 450 1308 490 superabundabat,

973 498 1040 537 Qua
1063 499 1180 529 virtute
1203 497 1334 529 miseros

1020 553 1159 585 quosque
1184 543 1392 577 confortabat.

1035 668 1082 700 In
1108 669 1139 701 3.
1166 667 1393 699 NocturnO.

1114 732 1308 767 Antiphonae.

916 792 946 824 1.
974 790 1055 822 Olim
1081 790 1237 821 transiens
1265 790 1391 821 colonus

971 837 1074 876 Hujus
1099 836 1174 868 mali
1198 837 1316 868 saeculi

971 883 1110 915 Effectus
1136 886 1184 914 est
1207 883 1367 915 habitator

971 930 1031 962 Dei
1056 930 1261 962 tabernaculi.

913 989 944 1019 2.
971 987 1045 1019 Vita
1069 987 1158 1028 vivit,
1184 995 1276 1026 quam
1300 986 1431 1025 pertulit

970 1034 1088 1065 Mentis
1115 1033 1281 1074 desiderio,

971 1080 1051 1111 Nam
1077 1080 1159 1119 quod
1185 1080 1336 1120 speravit,
1362 1079 1486 1118 accepit

969 1127 1007 1158 In
1030 1129 1158 1159 aeterno
1183 1126 1307 1167 gaudio.

911 1185 942 1217 3.
968 1183 1118 1215 Nicolaus
1143 1183 1196 1215 hic
1219 1182 1363 1215 ascendit

970 1231 1008 1262 In
1030 1233 1166 1262 montem
1193 1232 1334 1262 sanctum
1359 1230 1497 1270 Domini,

969 1278 1049 1317 Quia
1071 1278 1222 1309 innocens
1247 1276 1390 1309 manibus

966 1325 1011 1356 Et
1034 1326 1150 1357 mundo
1174 1324 1270 1357 corde
1294 1324 1362 1356 fuit.

1108 1409 1314 1443 Responsoria.

911 1466 942 1498 1.
968 1465 1074 1498 Vitam
1100 1469 1193 1506 atque
1218 1466 1331 1497 merita

1015 1514 1096 1545 mira
1118 1513 1258 1552 probant
1280 1513 1378 1553 signa,

968 1561 1053 1599 Quae
1077 1562 1167 1593 vivus
1193 1563 1225 1592 et
1250 1559 1415 1592 defunctus

1017 1607 1095 1639 fecit
1117 1608 1213 1640 laude
1234 1608 1346 1648 digna,⁷

968 1655 1031 1687 Per
1055 1655 1139 1688 hunc
1166 1656 1310 1688 Christus
1334 1654 1452 1687 liberat

1019 1702 1221 1743 languoribus
1245 1702 1357 1742 fessos,

969 1750 1129 1790 Leprosos
1155 1753 1185 1781 et
1206 1749 1385 1792 naufragos,

1015 1799 1137 1830 vinctos
1164 1801 1194 1829 et
1220 1799 1375 1836 obseSSOS,

895 1847 934 1879 V.
964 1845 1087 1878 Reddit
1108 1847 1207 1878 vitam
1231 1846 1362 1877 mortuis

1016 1896 1047 1924 et
1071 1893 1228 1933 loquelam
1249 1894 1353 1931 mutis,

966 1939 1087 1973 Lumen
1113 1941 1215 1972 caecis
1241 1943 1273 1972 et
1297 1940 1418 1972 claudis

1016 1996 1168 2028 gressum,
1194 1987 1336 2020 auditum
1358 1988 1474 2020 surdis.

909 2046 940 2076 2.
965 2043 1050 2076 Dum
1076 2043 1264 2075 decumbens
1289 2043 1405 2074 lectulo

1015 2100 1112 2124 senex
1133 2091 1320 2131 aegrotavit,

969 2137 1090 2179 Corpus
1115 2142 1231 2178 terrae,
1255 2138 1403 2177 spiritum

1015 2186 1105 2218 Patri
1130 2186 1371 2225 commendavit,

969 2232 1065 2273 Cujus
1091 2234 1158 2265 dies
1182 2234 1312 2265 ultimus

1018 2282 1085 2313 dies
1111 2284 1158 2313 est
1182 2281 1309 2322 natalis,

969 2327 1065 2368 Cujus
1090 2328 1200 2361 mortis
1223 2329 1325 2361 exitus

1015 2376 1118 2410 factus
1144 2379 1192 2409 est
1216 2377 1341 2422 vitalis3
