1650 2587
672 122 924 155 —210-

222 220 473 261 spargentesque
498 220 620 251 viscera

268 268 454 306 Sanguinem
479 265 662 303 fundebant,

312 314 447 346 Vincere
471 322 530 345 nec
552 313 708 352 poterant.

163 383 194 413 2.
222 381 340 419 Quanto
363 380 463 419 magis
487 378 596 410 famuli

270 426 386 458 Christi
410 426 597 464 cruciantur,

220 474 310 505 Tunc
333 473 404 512 plus
427 473 461 503 in
487 470 639 503 catholica

266 519 348 550 Fide
372 519 568 559 roborantur,

311 565 357 597 Et
381 565 494 597 crescit
517 563 637 602 religio.

164 634 194 664 3.
222 632 343 669 Quanta
366 629 428 662 fuit
449 630 616 668 impiorum

265 677 310 708 Et
332 677 440 715 ingens
463 675 621 715 iniquitas,

223 723 363 762 Corpora
386 726 563 755 sanctorum

269 769 403 808 Sepeliri
426 769 606 809 prohibens.

361 862 564 897 Responsofia.

168 921 197 952 1.
225 919 346 951 Primus
370 922 479 957 pastor
502 919 622 958 primae
646 918 731 950 sedis

223 965 396 997 Galliarum
420 966 509 1005 pavit
532 966 635 1005 gregis

270 1012 352 1045 Oves
376 1012 437 1044 sibi
462 1013 609 1051 creditas,

223 1060 410 1092 Constanter
433 1059 583 1090 mandata
605 1058 683 1097 legis

224 1105 339 1137 Docuit
362 1106 483 1137 aeterni
507 1105 600 1144 regis,

272 1151 365 1190 Cujus
389 1154 495 1183 manet
517 1151 633 1182 veritas

315 1198 354 1230 111
378 1201 548 1231 aeternum.

156 1247 192 1279 V.
222 1245 314 1276 Hunc
338 1245 462 1276 ornavit
486 1247 517 1275 et
541 1244 636 1284 elegit

225 1292 294 1323 Rex
319 1300 435 1331 regum,
465 1292 518 1330 qui
544 1294 655 1323 cuncta
678 1292 768 1331 regit.

168 1359 199 1390 2.
227 1358 250 1389 O
276 1357 488 1388 venerandum
512 1359 680 1396 pastorem,

227 1404 283 1442 Qui
310 1403 480 1435 catholicae
506 1403 641 1435 virorem

272 1450 473 1482 Praedicavit.
494 1449 579 1491 fidei,

227 1496 404 1529 Infidelium
429 1505 566 1528 errorem

226 1543 415 1582 Exstirpans
439 1546 570 1583 propter
594 1551 730 1575 amorem

274 1590 503 1628 Omnipotentis
527 1590 588 1621 Dei

319 1636 404 1668 Mori
426 1646 487 1668 non
512 1637 624 1668 timuit.

156 1684 194 1716 V.
223 1683 315 1714 Felix
337 1687 446 1722 pastor

273 1733 309 1760 ut
333 1729 453 1770 fulgida
474 1729 567 1761 stella

230 1776 321 1808 Clare
346 1774 467 1816 fulgens

274 1823 306 1853 in
329 1823 437 1854 mundi
461 1823 612 1862 procella.

171 1891 201 1922 3.
228 1890 290 1921 Pro
315 1888 522 1920 tribunalibus

275 1936 407 1968 Sanctus
432 1936 590 1977 statuitur,

231 1983 273 2014 Et
294 1982 410 2021 impiae
433 1982 535 2022 plebis

275 2029 393 2060 clamor
417 2030 580 2069 attollitur,

229 2076 259 2107 A
285 2076 558 2108 circumstantibus

275 2122 390 2153 ictibus
414 2123 568 2163 premitur

323 2170 428 2201 Bonus
452 2172 570 2209 pastor.

159 2216 198 2248 V.
227 2216 278 2247 Ab
300 2215 405 2255 impiis

277 2263 347 2302 pius
372 2262 533 2304 affligitur,

232 2309 294 2341 Sed
317 2318 447 2348 sperans
472 2310 505 2341 in

278 2356 346 2388 Deo
368 2366 429 2389 non
453 2356 600 2392 flectitur.

951 214 997 245 In
1019 213 1050 245 3.
1077 213 1309 245 Nocturno.

1028 276 1234 312 Responsoria.

835 335 865 367 1.
893 336 1014 374 Quanto
1039 333 1138 373 magis
1163 334 1309 372 poterant

937 384 1080 413 sanctum
1106 379 1256 420 cruciare,

893 429 996 460 Tanto
1021 427 1194 459 credebant
1219 426 1293 457 deos

939 483 1012 506 suos
1038 473 1207 510 vindicare,

886 521 931 553 Et
953 521 1015 552 nisi
1038 521 1086 551 sic
1109 519 1261 558 facerent,

940 568 1079 607 graviter
1100 574 1243 605 peccare,

894 614 935 646 Se
951 614 1037 653 ipsos
1062 622 1123 644 non
1145 614 1294 651 poterant.

941 669 980 692 ex
1004 660 1065 691 hoc
1089 659 1206 691 satiare

986 706 1129 746 Tyranni
1153 705 1303 737 furentes,

822 755 861 787 V.
893 754 950 793 Qui
974 753 1153 793 praesulem
1179 751 1437 791 comprimebant,

892 801 1013 833 Ictibus
1037 800 1119 831 ictus
1147 799 1318 831 addebant.

836 860 866 890 2.
894 856 1097 899 Corporibus,

940 904 993 944 qui
1016 904 1050 935 in
1076 902 1255 934 carceribus

892 951 1080 990 Interibant,

943 997 1059 1029 deditis
1085 996 1226 1037 canibus,

893 1044 1062 1083 Sepultura

941 1090 1045 1121 missis
1070 1088 1253 1121 custodibus

894 1138 1075 1176 Denegatur

943 1183 1090 1214 extremis
1113 1182 1235 1213 ossibus

990 1230 1174 1261 Sanctorum
1200 1231 1384 1267 martyrum.

827 1279 863 1309 V.
892 1276 1047 1308 Lacerata

941 1323 1090 1362 jacebant
1113 1331 1256 1361 corpora,

898 1369 1030 1409 Sanguis
1055 1368 1143 1400 fusus

946 1419 978 1447 et
1000 1425 1112 1455 sparsa
1136 1415 1268 1446 viscera.

841 1476 872 1507 3.
897 1473 990 1504 Felix
1011 1475 1131 1511 pastor,

947 1520 1026 1550 coeli
1051 1518 1172 1550 deliciis

900 1567 959 1605 Qui
984 1565 1160 1605 congaudes

946 1622 1015 1643 cum
1039 1612 1101 1643 tuis
1126 1611 1224 1648 sociis.¹

897 1659 943 1692 Ut
966 1659 1152 1690 mundemur

945 1716 965 1737 a
989 1706 1108 1738 cunctis
1132 1705 1217 1737 vitiis

897 1754 942 1786 Et
963 1752 1103 1784 fruamur

946 1800 1082 1831 aeternis
1103 1800 1235 1841 gaudiis,

992 1847 1158 1878 Intercede
1181 1856 1239 1886 pro
1264 1846 1365 1878 nobis.

829 1894 869 1927 V.
900 1895 924 1926 Ο
950 1893 1027 1925 felix
1051 1894 1183 1925 societas
1208 1896 1382 1933 martyrum

901 1941 999 1980 Quam
1024 1941 1116 1981 elegit
1141 1941 1285 1973 conditor
1299 1941 1449 1973 siderum.

993 2045 1041 2077 ln
1062 2044 1292 2078 Laudibus,

1043 2110 1236 2146 Antiphonae.

845 2169 875 2201 1.
900 2168 1018 2200 Beatus
1043 2168 1196 2200 Photinus

950 2224 1019 2247 cum
1040 2215 1103 2247 suis
1128 2215 1221 2247 sociis

903 2262 1061 2302 Martyrio
1088 2263 1182 2296 datur

951 2319 971 2341 a
995 2307 1097 2353 [viris]
1122 2310 1229 2349 impiis

998 2357 1060 2388 Pro
1086 2357 1205 2389 Christi
1229 2356 1363 2388 nomine.
