1651 2588
736 117 992 150 -192—

217 213 248 243 2.
274 211 369 252 Virgo
392 212 532 250 prudens
558 215 589 243 et
611 210 725 253 fidelis,

273 258 382 290 Firma
407 258 523 291 Christi
548 258 604 290 sub
629 258 762 298 loquelis

320 305 409 337 Litus
434 305 531 336 maris
554 304 706 345 graditur,

272 351 393 383 Munda
416 352 524 383 mundi
550 352 590 383 de
615 351 768 390 quaerelis

266 398 456 438 Angelorum
480 398 575 429 laude
601 398 694 429 caelis

318 445 455 477 Ovanter
479 444 641 486 accipitur,

271 490 366 530 Cujus
391 489 471 522 festo
493 491 583 529 plebs
607 491 751 529 laetetur,

270 537 316 569 Ut
338 545 396 577 per
419 537 519 577 ipsam
545 536 746 569 confirmetur

315 585 351 616 In
379 583 495 615 Christi
519 584 679 625 regimine.

202 630 235 661 V.
267 630 328 662 Cor
353 639 537 669 oppressum
560 630 742 662 sublevetur

265 676 308 708 Et
333 677 371 708 ab
398 677 486 708 hoste
509 677 661 709 liberetur

314 724 451 763 Virginis
477 724 687 763 praecamine.

210 780 241 812 3.
267 779 292 811 Ο
316 779 378 811 Dei
403 778 480 811 felix
505 780 630 815 ancilla,

266 826 445 865 Pauperum
470 826 570 858 dulcis
594 828 743 869 mamilla,

265 873 365 905 Jubar
389 881 480 905 sexus
506 872 644 913 feminei,

262 920 440 960 Agonizans
462 921 537 960 J'ugo
561 921 632 960 Dei,

266 965 360 1006 Cujus
387 966 504 998 Christi
529 966 683 1000 famulatu

263 1012 352 1045 Fluit
376 1017 462 1045 aetas
487 1014 520 1044 in
545 1017 657 1046 ornatu

262 1058 424 1099 Supernae
444 1060 603 1100 scientiae,

262 1106 376 1137 Funde
398 1115 508 1145 preces
532 1116 590 1147 pro
615 1107 748 1146 miseris,

263 1152 311 1184 Tu
335 1161 414 1192 quae
438 1162 550 1193 regnas
575 1154 607 1185 in
628 1155 761 1194 superis,

264 1199 370 1230 Omnis
392 1208 504 1239 expers
529 1201 683 1233 miseriae.

192 1245 231 1279 V.
259 1246 331 1277 Tua
355 1254 410 1277 nos
434 1247 617 1278 intercessio

261 1292 401 1324 Excuset
423 1294 456 1324 in
477 1293 607 1333 Judicio,

262 1338 312 1370 Ne
337 1343 481 1371 currente
501 1340 625 1379 justitia

259 1385 434 1418 Trahamur
457 1387 498 1418 ad
522 1387 686 1427 supplicia.

349 1480 395 1511 In
419 1479 648 1513 Laudibus.

400 1545 594 1580 Antiphonae.

206 1603 235 1634 1.
263 1601 365 1633 Deum
390 1602 551 1634 laudemus
576 1605 706 1642 parlter,

261 1648 320 1686 Qui
344 1652 484 1680 sanctam
510 1648 587 1681 facit
607 1649 726 1690 Jugiter

257 1695 473 1734 opportunam
498 1696 530 1726 in
556 1696 681 1735 populis

258 1742 440 1774 Clarescere
464 1742 632 1774 miraculis,

199 1800 230 1830 2.
255 1798 344 1830 Haec
368 1799 450 1838 regis
476 1799 580 1830 colens
606 1799 719 1831 horrea

259 1844 397 1877 Granum
422 1846 521 1877 traxit
544 1856 563 1878 a
586 1846 678 1885 palea

255 1892 380 1923 Delicta
403 1892 505 1925 vitans
532 1901 645 1925 carnea

254 1939 369 1971 Vivens
394 1940 451 1971 sub
478 1939 595 1971 Christi
618 1940 703 1972 linea

254 1986 342 2018 Luce
364 1985 467 2018 fertur
486 1987 646 2020 aetherea.

220 2066 226 2072 .
254 2042 278 2074 O
302 2043 336 2074 in
360 2043 442 2074 omni

299 2090 388 2129 virgo
410 2090 589 2130 laudabilis,

254 2136 278 2168 Ο
303 2137 336 2168 in
361 2137 445 2168 omni

301 2183 368 2215 Deo
394 2183 548 2228 amabilis,

255 2230 278 2262 O
302 2231 336 2262 in
362 2231 445 2262 omni

301 2278 418 2310 virtute
442 2278 575 2319 stabilis,

255 2324 279 2357 O
304 2324 424 2357 meritis

301 2374 333 2403 et
353 2370 417 2404 fide
441 2372 566 2412 nobilis,

945 211 1021 249 Fac,
1048 219 1124 251 quos
1152 214 1241 243 actus

992 258 1108 296 probat
1133 257 1312 297 culpabilis,

944 305 1066 343 Dignos
1091 312 1160 336 esse

990 351 1079 391 regui
1103 350 1266 382 mirabilis.

885 407 917 441 4.
944 407 969 439 O
995 415 1087 446 quam
1112 414 1187 438 vera
1210 404 1386 445 faternitas‚

943 454 967 486 O
991 453 1118 493 inquam
1142 453 1224 484 mira
1249 452 1397 492 dignitas,

943 499 1032 538 Quod
1057 500 1120 530 vim
1144 499 1243 531 vincit
1267 499 1315 530 vis
1340 498 1472 539 virginis

940 545 1083 578 Fortium
1104 545 1315 578 multitudinis

939 593 1100 632 Erigendo
1125 592 1356 625 sanctissimum

941 640 1067 671 Fratris
1094 648 1207 680 corpus
1234 640 1420 673 exanimum.

911 723 918 730 ,
944 695 1078 735 Flagrat
1102 696 1190 736 virgo

986 743 1019 773 in
1046 742 1164 775 Christi
1183 743 1322 775 moribus

942 790 1070 822 Cunctis
1095 790 1224 822 obstans

988 837 1172 869 daemonum
1197 836 1327 878 viribus,

937 883 1084 915 Mirificis

984 931 1107 969 pollens
1132 929 1302 963 virtutibus

937 977 1059 1017 Aegros
1083 980 1174 1009 sanat

982 1024 1090 1055 multis
1113 1024 1326 1064 languoribus,

940 1070 1039 1102 Sanos
1061 1071 1151 1110 juvat

988 1117 1090 1158 dignis
1114 1117 1147 1149 in
1169 1117 1326 1157 precibus.

1055 1190 1100 1218 Ad
1120 1190 1303 1219 Benedictus.

900 1264 907 1271 .
939 1239 963 1270 Ο
988 1239 1134 1270 miranda

982 1285 1111 1325 virginis
1135 1287 1268 1327 puritas,

934 1332 1030 1371 Quam
1058 1333 1198 1365 declarat

983 1380 1086 1419 angeli
1113 1379 1257 1422 dignitas,

935 1425 1060 1458 Summo
1086 1427 1152 1466 regi

982 1474 1035 1511 qui
1058 1483 1174 1513 parans
1198 1473 1296 1506 filiam

936 1520 1113 1552 Introducit

981 1566 1021 1597 ad
1048 1568 1114 1605 ejus
1139 1567 1269 1608 regiam,

935 1612 1151 1652 opportunam

978 1660 1132 1699 repletam
1157 1660 1293 1700 numine,

932 1705 1003 1736 Hoc
1026 1706 1147 1738 meritis

976 1761 1042 1791 ¹Jam
1067 1753 1184 1785 dictam
1210 1754 1343 1787 nomine.

968 1846 1028 1878 Ad
1053 1855 1208 1886 parvas
1233 1848 1377 1882 Horas.

1068 1911 1115 1938 Ad
1137 1912 1276 1939 Tertiam.

898 1991 904 1999 .
937 1967 1062 2000 Gaudet
1087 1968 1199 2001 chorus
1224 1971 1405 2002 coelestium

933 2015 1073 2047 Invitata
1097 2015 1138 2048 ad
1162 2017 1336 2056 praemium

933 2062 1064 2102 Virgine
1089 2066 1120 2094 et
1143 2064 1284 2103 virgineo

934 2108 1108 2148 Coniuncta
1131 2111 1209 2142 coeli
1234 2119 1340 2143 cuneo.

1074 2184 1120 2212 Ad
1140 2185 1266 2213 Sextam.

892 2259 898 2265 ,
928 2231 1083 2264 Accincta
1107 2231 1294 2266 fortitudine

928 2278 1025 2318 Virgo
1052 2280 1169 2312 Christi
1192 2283 1353 2322 regimine,

930 2326 1057 2360 Amicta
1082 2329 1163 2359 stola
1189 2330 1326 2361 candida

929 2372 1012 2408 Sede
1035 2375 1151 2415 gaudet
1175 2375 1291 2408 lucida.
