1651 2588
726 96 982 130 —214—

218 192 249 226 3.
275 191 439 223 Biennium
465 191 642 229 transierat,

276 238 340 276 Quo
364 237 455 276 plebs
481 238 609 269 obsessa
633 237 746 276 fuerat,

275 285 350 317 Cum
372 283 455 316 fama
479 285 616 324 prodens
642 284 764 324 detulit,

276 331 364 371 Quod
388 331 540 363 barbaros
564 340 626 363 non
650 331 751 368 latuit,

273 377 456 410 Pontificem
482 378 712 409 sanctissimum

271 425 341 456 Non
368 433 436 456 esse
460 426 544 456 inter
564 425 737 464 populum3

204 470 239 503 V.
272 472 323 503 Ad
349 472 574 510 exquirendum
598 471 694 511 igitur

273 519 386 551 Coetus
410 519 564 558 malignus
590 518 734 557 mittitur,

271 565 432 597 Privatum
453 568 486 596 ut
512 564 659 596 exhibeat

272 611 402 650 Suisque
427 615 552 651 captum
576 610 729 650 proferat.

322 751 367 783 In
394 753 423 784 2.
450 752 677 785 Noeturno.

411 835 602 871 Antiphonae.

213 901 242 933 1.
271 901 432 933 Cornelius
458 902 583 941 quidem
608 903 735 940 Romae,

270 948 446 987 Cyprianus
472 948 663 989 Carthagine

267 995 356 1026 Tunc
379 995 513 1027 laureati
537 998 693 1035 martyres

267 1040 382 1072 Effecti
406 1041 480 1074 vitis
504 1041 662 1080 palmiteS.

208 1106 242 1140 2,
267 1107 492 1138 Alamanorum
516 1108 663 1147 populus,

266 1152 330 1184 Sub
357 1152 455 1185 Croco
480 1162 554 1193 rege
576 1154 707 1192 positus,

265 1200 377 1231 Plures
402 1202 529 1231 vastans
554 1200 732 1238 provincias

266 1246 370 1279 Urbes
391 1246 548 1278 subintrat
573 1245 721 1279 Gallicas

209 1311 240 1347 3,
266 1310 426 1343 Barbarus
451 1312 549 1343 hostis
573 1313 725 1352 saeviens,

267 1357 487 1389 Gabalitanum
509 1358 632 1390 irruens

265 1404 403 1436 Parabat
427 1413 532 1436 omnes
557 1406 692 1444 perdere

266 1450 350 1481 Deos
374 1452 515 1483 nolentes
542 1451 653 1484 colere.

397 1543 602 1579 Responsoria.

209 1609 239 1643 1.
266 1610 411 1642 Privatus
436 1619 529 1643 orans
554 1619 649 1642 saxea

264 1658 413 1689 Inventus
439 1660 487 1688 est
509 1657 542 1688 in
568 1665 672 1697 cavea,

263 1703 397 1734 Ducitur
420 1704 454 1734 in
478 1703 680 1735 monticulum

263 1749 388 1781 Mimati
413 1750 481 1781 vico
506 1750 693 1788 proximum,

263 1795 418 1827 Hortatur
442 1804 500 1834 per
522 1796 727 1836 interpretem

264 1842 318 1874 Ad
340 1841 443 1881 plebis
467 1843 681 1883 interniciem3

197 1888 233 1922 V.
261 1889 359 1921 Minis
383 1892 509 1921 monent
535 1892 566 1920 et
588 1890 747 1930 precibus,

262 1936 309 1968 Ut
332 1934 388 1966 fiat
410 1936 509 1967 hostis
536 1936 665 1978 civibus,

265 1983 345 2021 Quos
369 1981 455 2014 Deus
477 1983 678 2024 liberaverat,

262 2029 424 2068 Subjectas
450 2030 493 2061 eis
518 2029 670 2069 proferat.

203 2096 235 2127 2.
261 2095 393 2126 Sanctus
417 2096 543 2135 praesul
566 2096 742 2136 intrepidus

262 2141 315 2173 Sic
338 2143 503 2180 respondit
526 2144 712 2183 gentilibus:

259 2188 361 2220 Miror
385 2191 521 2220 vestram
545 2189 744 2229 prudentiam

259 2235 392 2266 Tantam
418 2235 479 2267 fari
503 2236 679 2280 stultitiam,

256 2281 302 2313 Ut
324 2290 374 2312 me
397 2283 509 2314 dicatis
532 2285 679 2327 perdere,

256 2329 337 2367 Quos
364 2328 462 2362 debeo
488 2339 615 2372 eruere3

880 190 917 222 V.
948 190 1019 223 Non
1037 193 1085 222 est
1102 191 1229 230 dignum
1242 192 1292 223 vel
1307 194 1496 232 competens,

950 236 996 269 Ut
1019 237 1101 269 liber
1125 236 1182 270 fiat
1205 238 1356 277 serviens,

949 283 993 315 Et
1018 293 1097 324 quae
1119 284 1197 316 mihi
1222 285 1395 325 consulitis,

948 330 1038 362 Haec
1060 340 1122 363 non
1147 335 1220 363 sunt
1243 332 1305 363 mei
1329 332 1461 364 ordinis.

916 423 921 428 .
948 395 1099 427 Fustibus
1124 406 1199 437 ergo
1225 397 1377 437 caeditur,

947 442 1072 474 Dehinc
1096 443 1136 474 ad
1161 445 1264 475 vicum
1291 443 1425 484 ducitur,

949 488 1091 521 Gentiles
1115 499 1186 521 aras
1211 491 1379 532 instruunt,

948 535 1032 574 Quae
1056 537 1218 569 sceleratis
1244 541 1428 577 congruunt,

945 582 991 614 Ut
1013 584 1107 614 thura
1133 583 1187 615 det
1210 584 1423 623 daemonibus,

946 629 1094 661 Monetur
1117 630 1168 661 vir
1193 631 1345 671 egregius.

907 701 914 708 .
945 676 1141 717 Componunt
1166 677 1321 709 sacrificia

947 722 1025 764 Legi
1050 726 1176 756 nostrae
1202 726 1370 765 contraria,

945 771 999 802 Ad
1025 772 1248 803 exsecrandam
1274 772 1404 813 rabiem,

945 817 1085 849 Invitant
1109 818 1226 850 Christi
1250 820 1439 858 praesulem.

1003 940 1047 972 In
1075 941 1105 973 3.
1132 939 1364 974 Nocturna

1085 1013 1280 1048 Antiphonae.

910 1093 917 1100 .
944 1068 1192 1102 Christianorum
1217 1072 1337 1112 populi,

943 1115 1089 1148 Colentes
1112 1126 1224 1150 nomen
1249 1118 1388 1160 Domini,

942 1161 1118 1196 Gredonem
1142 1167 1279 1196 montem
1302 1167 1477 1207 possident,

945 1208 1027 1246 Quos
1051 1211 1221 1243 Alamanni
1246 1212 1402 1246 obsident.

910 1291 917 1298 .
944 1264 1040 1303 Quem
1066 1267 1231 1299 occidebat
1254 1269 1406 1312 carnifex,

939 1311 1020 1344 Erat
1042 1314 1151 1354 populi
1175 1314 1331 1355 pontifex,

941 1357 1087 1391 Privatus
1112 1362 1186 1393 tunc
1210 1362 1436 1405 sanctissimus,

939 1405 996 1437 Vir
1017 1406 1156 1438 moribus
1183 1408 1324 1441 eximius.

906 1485 913 1492 .
938 1461 1002 1493 Hic
1025 1463 1143 1502 sedem,
1168 1473 1260 1504 quam
1285 1465 1448 1506 habuerat,

939 1508 1063 1540 Mimati
1084 1510 1150 1548 jam
1174 1512 1354 1553 reliquerat,

938 1553 1059 1594 Rupem
1085 1560 1227 1589 cavatam
1251 1559 1407 1600 habitans,

940 1600 1088 1633 Terrenis
1115 1603 1210 1635 nullis
1235 1605 1369 1638 inhians.

1075 1696 1282 1731 Responsoria.

904 1776 911 1783 .
939 1750 1055 1783 Divina
1078 1750 1176 1785 fretus
1200 1755 1303 1794 gratia

938 1797 1084 1830 Privatus
1109 1799 1211 1840 inquit
1233 1801 1326 1834 talia:

939 1844 1024 1883 Quae
1048 1846 1143 1877 semel
1169 1848 1245 1889 dixi,
1272 1850 1402 1891 credite,

937 1891 1003 1922 Aut
1027 1893 1179 1932 quidquid
1203 1895 1299 1926 vultis
1324 1895 1429 1932 facite.

937 1938 1108 1979 Insurgunt
1131 1940 1236 1973 hostes
1261 1943 1374 1987 acrius,

934 1984 1051 2028 Plagis,
1077 1985 1209 2020 flammis
1234 1990 1429 2032 ardentibus,

898 2058 905 2064 .
935 2030 1024 2064 Novo
1048 2043 1219 2073 poenarum
1243 2046 1358 2077 genere

935 2079 972 2110 In
996 2081 1096 2119 patris
1121 2080 1260 2115 fremunt
1283 2083 1413 2127 funere3

937 2124 1118 2159 Constantia
1142 2130 1299 2168 pontificis

935 2171 991 2204 Fit
1013 2172 1126 2207 fortior
1149 2178 1323 2217 suppliciis

901 2264 909 2271 .
934 2238 1078 2272 Lictores
1101 2242 1175 2274 lassi
1202 2243 1346 2284 denique,

935 2285 1011 2318 Cum
1038 2288 1082 2319 nil
1105 2290 1227 2328 possint
1251 2290 1415 2332 proficere,

936 2331 1083 2365 Sanctum
1120 2337 1281 2369 Privatum
1311 2342 1483 2379 martyrem
