1651 2588
719 108 972 145 -172—

893 206 924 237 2.
951 205 1118 239 Relevavit
1141 215 1161 237 a
1185 204 1343 238 defun-ctis

998 252 1177 284 defunctum
1204 252 1438 292 Praecordium,

409 205 613 241 Responsoria.

218 253 249 285 1.
275 252 460 284 Macerabat

324 308 436 339 corpus
458 299 596 340 J'eJuniis,

275 346 365 378 Genu
388 344 469 379 flexo

317 392 466 425 trecentis
490 392 610 425 vicibus

271 440 334 472 Per
360 440 442 471 diem
467 442 497 471 et

318 488 451 525 noctem,
476 486 592 526 vigiliis

270 533 421 565 Insistens
448 535 479 563 et

316 578 519 622 orationibus,

270 626 322 658 Sic
348 625 461 658 divinis

314 681 429 704 vacans
454 671 566 705 officiis

270 719 402 751 Carnem
429 719 535 752 domat

315 766 422 797 multis
446 766 617 806 laboribus,

232 838 239 845 .
269 812 433 853 Fatigatus

316 859 426 899 paucis
452 859 579 892 cibariis

271 907 428 939 Utebatur

319 956 481 985 contentus
506 953 631 986 talibus.

237 1035 243 1042 .
269 1010 352 1041 Dum
376 1009 534 1042 Mellonus

309 1057 374 1095 J'am
399 1055 499 1088 fessus
524 1056 610 1088 senio

264 1103 418 1142 Vigilaret

315 1158 408 1180 orans
430 1158 487 1188 pro
513 1148 667 1189 gentibus,

270 1195 449 1228 Confortari

318 1242 444 1274 coelesti
463 1243 571 1275 nuntio

270 1289 397 1330 Merust,
423 1289 507 1321 hunc

312 1335 427 1367 affante
448 1336 581 1368 talibus:

267 1383 291 1414 O
317 1382 465 1417 Mellone,

310 1438 374 1466 Jam
398 1432 453 1460 tua
476 1430 552 1460 talio

264 1477 380 1508 Parata
405 1478 453 1506 est

313 1531 381 1553 cum
411 1523 490 1554 coeli
515 1523 644 1562 civibus,

226 1596 234 1602 ,
265 1570 302 1601 In
325 1569 429 1602 stadio

311 1619 434 1647 certans
456 1626 513 1656 pro
540 1617 648 1648 bravio

264 1662 432 1701 Subjecisti

309 1709 459 1741 mundum
484 1709 540 1741 sub
566 1709 708 1748 pedibus.

232 1790 239 1797 .
266 1766 327 1796 Per
349 1764 449 1803 ipsius
474 1764 621 1805 suffragia

263 1811 374 1843 Multis
399 1811 557 1843 confertur
582 1812 693 1851 gratia,

263 1857 379 1889 Caecus
400 1858 510 1890 videns
535 1857 679 1902 efficitur,

263 1905 373 1938 Sardis
398 1905 523 1937 auditus
548 1906 693 1937 redditur

260 1952 305 1984 Et
330 1951 442 1983 debilis
467 1953 595 1992 quisque

308 2007 416 2038 sospes
440 2000 628 2039 regreditur.

223 2070 229 2077 .
259 2045 453 2078 Alterozatssz'm
498 2050 601 2078 ruunt
649 2047 807 2086 lawyuz'di,

264 2093 410 2132 consequi
447 2094 605 2134 cupientes
642 2093 720 2126 data
746 2103 809 2134 per

260 2148 332 2171 eum
356 2139 512 2180 benificia.

448 2204 549 2233 Prosa.

228 2278 235 2285 .
261 2251 413 2291 Sospitati
442 2253 498 2285 dat
521 2254 678 2286 Mellonus

305 2299 437 2331 Dolores
461 2301 684 2341 languentium,

255 2346 375 2378 Doctor
398 2347 498 2379 bonus
523 2351 555 2379 et
577 2350 728 2388 patronus

302 2393 357 2425 Fit
379 2394 664 2435 Rotomagensium.

950 298 1069 342 Caecis,
1094 299 1200 339 mutis,
1226 300 1329 340 aegris
1355 300 1475 331 cunctis

995 346 1187 386 Impendens
1212 347 1374 379 auxilium.

915 437 922 443 .
949 409 1062 443 Fidem
1084 410 1191 443 firmat
1216 413 1248 442 et
1270 411 1411 444 infirmat

995 457 1129 490 Errores
1154 457 1327 498 gentilium,

947 503 999 535 Sic
1022 505 1147 544 expleta
1171 505 1255 535 vitae
1276 508 1360 536 meta

992 550 1145 591 Migravit
1168 552 1209 583 ad
1235 552 1392 591 gaudium.

914 641 920 647 .
947 615 1032 656 Ergo
1056 617 1166 648 laudes
1193 617 1268 648 dent
1288 617 1429 650 Mellono

992 663 1092 695 Voces
1114 664 1328 705 jubilantium,

946 709 1028 741 Nam
1049 711 1102 751 qui
1128 711 1224 742 corde
1246 712 1351 750 poscit
1371 712 1452 743 bono

993 756 1072 797 EJ'us
1096 758 1317 799 patrocinium,

1040 804 1154 844 Sospes
1179 806 1367 844 regreditur.

1039 937 1055 968 I
1065 946 1085 967 n
1109 935 1137 967 L
1145 945 1163 968 a
1172 943 1194 967 u
1204 935 1273 968 dib
1283 946 1304 968 u
1313 946 1337 968 s.

1087 1009 1280 1044 Antiphonae.

911 1102 917 1108 .
944 1075 1076 1107 Sanctus
1100 1075 1161 1107 Dei

990 1123 1116 1161 praesul
1140 1122 1312 1154 innumeris

946 1167 1137 1201 Coruscabat

988 1216 1104 1247 mundo
1128 1216 1298 1256 miraculis,

943 1261 1067 1293 Victum
1093 1262 1199 1293 domat

987 1312 1145 1340 auctorem
1171 1310 1310 1350 sceleris,

939 1354 1114 1387 Ecclesiam

987 1401 1100 1434 fundat
1122 1403 1155 1433 in
1180 1404 1315 1442 populis.

907 1490 913 1499 .
940 1466 1018 1505 Ejus
1044 1471 1112 1499 erat

988 1514 1074 1546 cibus
1101 1515 1140 1546 de
1163 1515 1282 1547 hordeo

941 1560 1035 1592 Panis
1059 1560 1161 1592 factus

982 1607 1111 1645 junctus
1136 1608 1284 1650 oleribus,

940 1654 1031 1692 Aqua
1054 1658 1157 1694 potus,

987 1701 1109 1741 cingulo
1134 1700 1238 1733 ferreo

938 1746 1158 1788 stringebatur

986 1802 1057 1827 earo
1082 1796 1139 1827 sub
1164 1796 1313 1829 vestibus.

903 1884 910 1891 .
936 1859 1123 1894 Morabatur

982 1906 1036 1939 hic
1059 1910 1125 1941 solo
1149 1918 1291 1954 corpore,

936 1953 1132 1995 Jungebatur

982 2011 1069 2034 mens
1095 2004 1173 2035 coeli
1198 2004 1329 2047 civibus,

935 2048 1024 2086 Quod
1050 2051 1194 2091 docebat,

984 2098 1162 2137 complebat
1185 2107 1293 2139 opere,

935 2142 1014 2174 Suos
1040 2148 1127 2177 actus

982 2198 1096 2223 ornans
1121 2192 1301 2226 virtutibus

899 2279 906 2287 .
934 2254 1147 2291 Confirmabat

982 2305 1077 2337 corda
1100 2305 1242 2338 fidelium

935 2350 1085 2384 Veritatis

977 2399 1073 2431 verbo
1096 2401 1259 2440 radicitus,
