1650 2587
667 575 690 606 1.
724 576 766 607 De
787 577 894 607 saneto
914 576 1086 607 Affrodisio.

369 655 415 687 In
443 654 473 688 1.
500 655 715 694 vesperis.

420 729 466 756 Ad
485 729 663 765 Magnificat.

231 797 271 828 A.
298 796 499 828 Hierusalem

350 852 506 883 supernae
531 844 649 884 concio,

303 890 484 922 Jueundare

347 938 416 976 jugi
440 938 563 969 laetitia

302 983 460 1016 Christum
490 985 624 1016 laudans

347 1031 381 1062 in
405 1030 589 1071 Affrodisi0‚

300 1078 399 1117 Quem
424 1079 532 1110 divina

348 1125 532 1157 subvectum
558 1125 661 1166 gratia

303 1172 474 1204 Coronavit

348 1222 477 1251 aeterna
500 1220 620 1260 gloria3

300 1266 363 1298 Hic
387 1269 568 1298 sanctorum

346 1314 474 1352 junctus
500 1314 643 1354 collegio,

300 1361 477 1393 Incessanti

346 1408 486 1447 psallens
510 1408 661 1449 tripudio,

300 1454 446 1487 Salutate

349 1503 434 1534 canit
457 1502 608 1541 Alleluja.

359 1635 389 1666 A
401 1634 421 1666 d
451 1635 563 1667 Matu
574 1635 714 1667 tinum.

430 1711 646 1738 Invitatorium.

296 1778 447 1819 Alleluja,

344 1825 512 1871 Christum,
539 1835 631 1867 quem
655 1828 822 1867 parvulum

293 1874 453 1907 Adoravit

341 1922 405 1953 dux
430 1921 632 1962 Affrodisius,

388 1970 503 2002 Venite
528 1970 707 2004 adoremus,

355 2102 416 2136 Ad
440 2102 711 2137 Nocturnum.

438 2177 633 2214 Antiphonae.

233 2247 266 2280 1.
291 2246 366 2280 Dux
391 2245 453 2278 fuit
475 2247 627 2287 Aegypti,

339 2294 505 2335 proprium
532 2294 672 2326 deseruit
696 2304 788 2327 omne

291 2342 337 2373 Et
360 2342 504 2383 sequitur
529 2342 688 2375 Christum

338 2399 430 2422 sacra
456 2390 496 2422 de
521 2390 643 2430 virgine
667 2393 786 2424 uatum.

930 648 961 678 2.
988 646 1168 685 Discipulus
1195 647 1318 678 demum

1031 692 1118 725 Petri
1140 694 1328 734 sapiensque
1352 696 1501 735 magister

984 740 1191 780 Imperiisque
1215 742 1280 773 suis

1028 787 1085 818 hos
1109 788 1230 819 monuit
1251 790 1396 828 populos

926 843 956 874 3.
982 842 1133 883 Martyiii
1156 845 1261 884 palma

1029 890 1156 922 tandem
1190 891 1357 923 subvectus
1382 893 1423 924 ad
1448 895 1534 924 astra

983 936 1107 976 Regnat
1131 946 1201 969 cum
1227 938 1351 970 Christo

1029 987 1182 1023 perpetuo
1211 986 1300 1018 solio.

1105 1058 1342 1093 Responsorium.

924 1109 957 1142 4.
982 1108 1099 1148 Fulget
1122 1110 1171 1141 his
1196 1112 1290 1142 terris

1029 1158 1139 1195 pastor
1163 1161 1347 1199 martyrque
1371 1158 1514 1200 Biterris,

981 1203 1129 1242 Quotidie
1154 1205 1241 1243 cujus

1026 1250 1095 1281 laus
1119 1252 1222 1291 plebis
1245 1252 1277 1283 in
1296 1261 1351 1284 ore
1370 1254 1412 1284 sit
1427 1254 1530 1293 hujus,

909 1297 948 1329 V.
978 1297 1023 1329 Ut
1048 1298 1139 1336 plebs
1163 1298 1311 1338 proficiat

1027 1347 1059 1375 et
1083 1347 1172 1378 salva
1196 1355 1254 1378 sua
1278 1356 1373 1387 prece
1397 1347 1462 1381 fiat.

1152 1420 1284 1448 Prosula.

924 1471 954 1503 1.
980 1471 1043 1502 Hic
1066 1472 1257 1506 Affrodisius

978 1519 1117 1558 Aegypti
1139 1519 1200 1552 fuit
1226 1521 1299 1564 dux,

909 1576 960 1606 2a.
978 1574 1041 1606 Hic
1067 1575 1227 1609 Christum
1252 1587 1384 1618 puerum

978 1621 1060 1654 fanis
1086 1625 1185 1656 caesis
1210 1626 1365 1659 adoravit.

908 1678 960 1713 2b.
975 1680 1162 1721 Fugientem
1188 1691 1258 1714 eum

979 1730 1144 1767 septennio
1166 1732 1352 1771 reservavit,

908 1785 959 1817 3a.
978 1784 1077 1823 Quem
1102 1787 1274 1826 quaerebat

977 1831 1123 1865 Herodes
1147 1835 1294 1874 perdere,

907 1888 960 1923 3b.
975 1888 1020 1920 Et
1043 1889 1096 1921 hic
1121 1900 1190 1923 eum

976 1937 1078 1969 voluit
1103 1939 1216 1973 colere.

918 1994 950 2026 4.
975 1993 1062 2034 Ergo
1088 2003 1235 2027 canamus

974 2040 1021 2072 Te
1044 2041 1147 2074 Deum
1171 2043 1347 2078 laudamus.

1065 2127 1082 2158 Ι
1089 2137 1110 2160 n
1135 2128 1163 2160 L
1171 2138 1190 2161 a
1197 2138 1219 2160 u
1228 2130 1249 2162 d
1258 2130 1298 2161 ib
1307 2139 1329 2161 u
1337 2139 1363 2165 S.

1118 2193 1313 2230 Antiphonae.

919 2249 935 2282 1
942 2275 949 2283 .
975 2250 1049 2281 Dux
1073 2250 1264 2285 Affrodisius

1023 2298 1176 2331 cecidisse
1200 2301 1302 2333 sciens
1326 2302 1496 2335 simulacra

975 2344 1179 2385 Ingrediente
1202 2347 1279 2380 Jesu

1022 2395 1162 2435 suscepit
1186 2396 1334 2437 dogmata
1356 2407 1458 2431 sacra.
