1650 2587
683 140 944 176 --241Β

177 236 208 268 3.
234 235 304 268 Rex
325 244 383 275 per
407 235 468 267 hoc
493 236 655 268 consilium

283 282 430 321 Quaesito
454 284 501 315 sic
524 283 590 315 filio

236 330 380 363 Tandem
406 330 486 362 vidit
510 329 620 371 filium,

282 378 378 417 Quem
404 377 466 409 Dei
490 378 620 410 consilio

228 423 339 456 Abbas
362 427 490 457 sanctus
516 425 665 457 clericum

285 471 422 503 Fecerat
447 473 487 504 de
511 472 610 513 laico;

235 519 355 551 Amans
381 519 498 559 quippe
522 519 636 552 laicum

283 566 360 598 Plus
385 567 503 607 gaudet
529 567 568 599 de
594 567 717 602 clerico.

165 612 201 644 V.
232 614 302 645 Rex
327 614 438 646 videns
463 614 629 653 puerulum

284 659 411 692 Gaudet
435 661 475 692 de
498 660 650 694 miraculo

234 707 278 740 Et
302 708 374 747 plus
400 706 459 739 hoc
482 708 667 740 miraculum

285 754 411 788 Gaudet
436 755 476 787 de
500 756 642 796 puerulo.

300 878 344 910 In
371 880 402 911 2.
428 877 655 913 Nooturno.

379 951 573 988 Ant-iphonae.

178 1019 209 1053 1.
235 1020 306 1051 Rex
329 1022 423 1059 pater
448 1019 555 1051 abbati

283 1066 339 1097 dat
361 1069 480 1099 terram
505 1075 563 1106 pro
589 1075 683 1105 prece
707 1068 782 1110 nati,

233 1114 296 1145 Pcr
321 1122 411 1152 quem
436 1115 574 1145 sectatus

279 1158 340 1190 fuit
364 1159 510 1191 abbatem
536 1160 688 1199 galeatus.

175 1236 207 1270 2.
232 1236 279 1267 At
302 1244 382 1274 puer
406 1235 537 1275 insignis

281 1282 410 1321 psalmis
435 1282 594 1321 psallebat
612 1286 644 1314 et
659 1282 783 1323 hymnis

230 1329 350 1362 Ordine
375 1329 548 1370 condigniS,

279 1379 313 1408 ut
339 1376 463 1408 divinus
490 1377 582 1409 docet
601 1376 692 1417 ignis.

173 1453 204 1484 3.
231 1451 374 1483 Naturae
400 1452 488 1484 dotes

279 1499 377 1530 animi
402 1499 521 1532 virtute
543 1501 696 1534 maritans

230 1547 399 1579 Praeditus
423 1546 558 1588 ingenio,

277 1602 410 1633 corpore
434 1595 568 1633 pulcher
593 1599 670 1627 erat.

364 1688 572 1723 Responsoria.

168 1754 200 1787 1.
226 1755 333 1788 Patris
358 1758 433 1795 post
456 1755 560 1787 obitus

275 1801 375 1834 Jacob
388 1805 436 1834 est
447 1803 488 1835 ad
506 1806 633 1844 sceptra
652 1804 780 1845 petitus,

227 1849 287 1881 His
311 1849 479 1889 insignitus

275 1896 338 1928 Est
354 1897 456 1936 patris
480 1898 599 1930 honore
622 1898 751 1940 potitus,

156 1945 194 1978 V.
226 1944 399 1983 Anglorum
424 1947 548 1984 gentem

275 1991 360 2022 rexit
383 1994 572 2032 sanctusque
597 1996 754 2034 regentem

228 2039 345 2071 Frater
373 2038 415 2071 ad
438 2038 597 2079 ingentem

274 2084 426 2119 formavit
445 2086 487 2118 ad
503 2086 614 2118 inclita
630 2090 777 2122 mentem.

169 2165 198 2196 2.
226 2163 296 2195 Rex
319 2161 483 2201 populum,
510 2170 616 2203 regem

271 2210 383 2249 populi
408 2208 535 2241 Sulinus
560 2210 707 2251 habebat,

221 2258 267 2291 Et
291 2257 359 2297 regi
381 2255 482 2288 frater

271 2313 376 2345 regem
402 2312 537 2344 regnare
563 2305 706 2346 docebat,

152 2355 190 2388 V.
222 2352 350 2386 Sulinus
374 2352 536 2392 populum,

272 2400 391 2432 clerum
416 2407 585 2440 regemque
607 2400 749 2441 regebat.

206 2466 227 2489 D
234 2473 246 2489 r
252 2471 285 2489 ev
290 2471 303 2487 e
308 2472 320 2488 s
325 2482 332 2492 ‚
349 2462 471 2487 Historiae
485 2459 640 2490 rhythmicae.
665 2459 711 2483 111.

859 239 889 271 3.
916 237 1013 277 Regis
1036 246 1117 269 uxor
1142 237 1272 270 viduata

966 286 1005 317 In
1029 283 1173 317 Sulinum
1197 283 1409 317 inflammatur

916 332 961 363 Et
983 332 1016 364 in
1042 340 1110 363 eum
1134 329 1328 364 inflammata

963 379 1099 411 Ratione
1122 379 1279 420 viduatur,

916 426 1006 458 Patri
1029 425 1118 465 prius
1144 426 1291 464 copulata

961 472 1071 504 Fratri
1095 472 1218 512 quaerit
1241 472 1393 513 maritari,

916 519 961 552 Ut
985 520 1031 551 sic
1055 520 1137 551 male
1161 520 1308 551 maritata

960 566 1050 598 Male
1072 566 1172 605 possit
1198 566 1348 606 copulari,

845 614 883 647 V.
914 613 1004 652 Quod
1029 614 1102 646 dum
1127 616 1253 645 sanctus
1272 616 1463 653 exsecratur,

960 660 1057 692 Dolet
1080 669 1160 692 uxor
1183 659 1331 702 refutata,

915 706 960 738 Et
983 716 1043 747 quo
1068 707 1168 747 magis
1190 706 1357 746 refutatur,

961 754 1064 795 Magis
1090 754 1183 786 ardet
1207 756 1380 785 exsecrata.

982 848 1027 879 In
1051 848 1081 880 3.
1108 848 1334 880 Nocturno.

1059 911 1252 948 Antiphonae.

858 970 888 1003 1.
914 969 1055 1009 Angelus
1080 969 1206 1001 edocuit

959 1014 1086 1055 fratreS‚
1112 1016 1145 1047 in
1170 1017 1288 1048 honore
1308 1016 1432 1048 Mariae

913 1062 1052 1102 Virginis
1078 1062 1244 1095 ecclesiam

961 1108 1178 1141 confabricare
1202 1118 1326 1142 novam.

854 1167 883 1198 2.
909 1164 1081 1205 Signavere
1104 1165 1208 1197 Iocum

958 1212 1092 1244 rutilans
1105 1212 1311 1252 pendensque
1320 1212 1465 1244 columna

914 1260 1020 1292 Aurea
1046 1259 1084 1291 de
1110 1260 1207 1298 coelo,

958 1305 1089 1345 grandis
1115 1309 1147 1338 et
1170 1306 1260 1339 albus
1286 1314 1373 1346 aper.

857 1364 889 1396 3.
916 1361 970 1393 Sic
992 1362 1145 1394 Dominus
1169 1361 1298 1394 Domini

960 1412 1093 1441 matrem
1120 1409 1227 1441 docuit
1249 1409 1403 1449 venerari,

913 1456 1012 1495 Quam
1033 1455 1125 1496 J'ubet
1145 1457 1180 1488 in
1204 1457 1298 1487 terris

964 1504 1043 1535 coeli
1070 1503 1226 1535 dominam
1251 1502 1415 1537 celebrari.

1047 1577 1253 1613 Responsoria.

853 1637 883 1669 1.
910 1635 982 1668 Non
1009 1635 1137 1675 expleto
1164 1635 1294 1667 crimine

956 1683 1051 1715 Furit
1074 1681 1165 1715 ferox
1190 1680 1307 1714 femina

905 1730 950 1763 Et
975 1729 1014 1761 de
1038 1738 1126 1761 more
1150 1728 1287 1761 feminae

957 1777 1091 1809 Pronior
1116 1777 1157 1809 ad
1183 1777 1315 1809 crimina

909 1824 1040 1857 Fratres
1067 1823 1107 1855 de
1132 1824 1281 1856 coenobio

954 1872 1068 1904 Trahit
1090 1871 1134 1903 ad
1157 1872 1355 1914 martyrium,

839 1920 876 1952 V.
905 1918 951 1952 Ut
975 1917 1109 1950 fratrum
1133 1919 1285 1957 martyrio

952 1965 1106 1997 Destruat
1130 1965 1323 1999 coenobium.

851 2026 882 2058 2.
908 2022 1007 2062 Fugit
1030 2024 1157 2054 sanctus
1181 2030 1277 2054 sanae
1300 2022 1415 2054 mentis

909 2069 982 2102 Non
1007 2071 1163 2100 amentem
1187 2069 1244 2100 sed
1269 2069 1403 2101 amentis

955 2116 1101 2148 Amicam
1124 2115 1283 2156 nequitiae

908 2164 953 2197 Et
977 2163 1108 2203 exponit
1132 2172 1166 2195 se
1187 2163 1363 2203 tormentis,

911 2211 1034 2244 Navem
1057 2210 1149 2251 mari,
1175 2210 1281 2245 vitam,
1298 2212 1410 2252 ventis,

959 2258 1080 2290 Cuncta
1102 2257 1165 2289 Dei
1189 2258 1320 2300 gratiae,

838 2308 876 2342 V.
908 2306 1039 2339 Fratres
1064 2305 1210 2345 linquens
1234 2306 1268 2337 in
1291 2307 1438 2339 lamentis

909 2353 1000 2387 Ratis
1025 2354 1133 2386 vectus
1159 2353 1360 2386 armamentis

955 2401 1051 2441 Fugit
1076 2400 1153 2432 fines
1178 2401 1323 2441 Angliae.
