1650 2587
738 142 992 177 —255—

372 236 420 268 In
445 237 680 271 Laudibus,

432 301 626 337 Antiphonae.

254 381 262 389 .
288 357 422 389 Sanctus
447 359 607 399 primaevo

334 412 461 444 semper
485 406 642 438 Turianus
667 407 706 438 ab
732 416 808 439 aevo

288 451 423 484 Actibus
449 456 479 484 et
505 453 609 485 verbis

335 499 426 531 testis
450 499 511 531 fuit
535 500 769 539 omnipotentis¹

253 580 260 587 .
288 554 430 594 Hymnos
455 556 595 588 laetitiae

334 604 518 641 persolvens
540 606 632 635 nocte
658 602 779 643 dieque,

290 648 403 681 Cantat
429 659 496 681 cum
523 650 688 689 Seraphim

337 699 387 727 ter
412 700 540 729 sanctus
565 705 648 728 nune
672 696 819 728 trinitati.

254 777 261 784 .
287 752 441 784 Excubiis
467 753 577 784 crebro

337 800 482 832 detentus
507 808 614 832 amore
638 808 784 842 superno,

289 847 377 879 Coeli
403 846 525 879 deliciis

335 892 414 924 felix
438 895 576 926 exsultat
599 893 722 933 opimis.

256 977 262 983 .
288 950 492 982 Praesulibus
516 950 645 987 sanctis,

335 997 389 1036 qui
416 998 491 1029 dant
514 996 684 1036 praeconia
707 996 821 1038 laudis,

285 1043 477 1085 Adjunetus‚
505 1043 618 1074 merito

335 1089 453 1129 gaudet
476 1089 664 1121 benedicere
690 1088 826 1122 Christo.

230 1148 260 1179 5.
288 1145 437 1177 Laudant
461 1146 613 1177 ecclesiae

335 1196 514 1225 sanctorum
539 1195 571 1224 te
596 1192 663 1223 sine
687 1191 759 1235 fine,

968 238 1035 269 Rex
1061 236 1157 277 Deus,
1184 237 1216 267 in
1242 236 1359 268 sanctis

1014 284 1066 324 qui
1092 285 1170 315 mira
1193 286 1306 323 potens
1331 284 1483 321 operaris.

1080 357 1126 385 Ad
1144 357 1327 384 Benedictus.

897 417 935 448 A.
962 416 1041 453 Ave,
1066 415 1203 454 praesul,
1230 414 1291 446 Dei
1315 413 1434 444 vultum

1016 462 1229 501 contemplans
1255 470 1323 492 cum
1347 460 1475 503 angelis,

969 509 1066 547 Quem
1091 517 1130 540 ex
1153 511 1246 547 parte
1268 510 1369 539 tectus
1393 515 1487 538 carne

1014 555 1155 587 meruisti
1180 563 1319 594 cernere,

968 602 1082 635 Funde
1105 610 1216 641 preces
1241 601 1326 640 apud
1350 600 1453 639 ipsum

1016 657 1075 689 pro
1101 649 1191 681 nobis
1216 648 1351 680 assidue.

1039 742 1085 773 In
1111 745 1141 775 2.
1168 741 1383 782 Vesperis.

1088 808 1133 834 Ad
1152 806 1328 842 Magnifiea'n.

930 891 938 898 ,
970 865 994 897 O
1018 866 1111 904 pater
1134 864 1281 906 Turiam,

1018 911 1117 943 dulcis
1145 912 1177 943 in
1202 910 1362 949 memoria,

970 958 1033 991 Sed
1060 967 1128 990 cum
1154 958 1279 991 Christo
1299 958 1363 996 jam
1388 957 1519 996 perenni

1017 1005 1138 1036 dulcior
1161 1005 1195 1035 in
1219 1004 1328 1046 gloria,

970 1051 1087 1089 Quibus
1111 1052 1181 1091 ipse
1200 1050 1385 1090 Jucundaris

1018 1098 1102 1129 inter
1127 1098 1206 1129 coeli
1227 1097 1384 1139 vernulas,

971 1144 1048 1183 Fae,
1074 1148 1110 1176 ut,
1132 1145 1172 1176 ad
1200 1144 1343 1176 coelestis
1368 1144 1441 1183 agni

1018 1192 1222 1223 admittamur
1247 1192 1366 1230 epulas,

291 1259 376 1285 Brev.
396 1266 449 1285 ms.
469 1259 610 1285 Pratense
630 1265 705 1284 saec.
729 1255 771 1285 14.
794 1258 862 1285 Cod.
877 1257 1002 1284 Pal-isin.
1027 1254 1060 1283 13
1069 1254 1133 1284 239.
1153 1272 1192 1276 —-
1211 1257 1246 1284 1n
1268 1254 1292 1282 1.
1306 1255 1390 1282 Noct.
1412 1252 1433 1281 Α
1502 1260 1519 1282 ,5

215 1297 332 1323 Musica
351 1303 446 1330 quam.
474 1310 512 1315 —-
533 1293 554 1321 R
577 1294 591 1322 1
613 1295 671 1322 und
692 1292 709 1321 2
729 1295 889 1330 prosaisch.
917 1308 953 1313 —
973 1295 1009 1321 In
1029 1292 1055 1320 2.
1069 1294 1157 1329 Vesp.
1179 1294 1216 1321 ad
1234 1294 1334 1329 Magn.
1358 1290 1390 1326 Α,
1414 1290 1428 1320 1
1449 1284 1522 1320 fehlt

218 1335 284 1361 eine
302 1332 393 1366 silbe,
413 1334 481 1361 weil
503 1333 634 1360 entlehnt
655 1341 707 1360 aus
729 1332 793 1361 dem
814 1332 948 1361 Officium
968 1331 1144 1367 Wingaloer.

664 1442 708 1473 97.
746 1443 789 1474 De
809 1442 916 1474 sancto
937 1441 1080 1473 Turiano.

359 1514 403 1545 In
431 1514 461 1547 1.
488 1514 704 1553 Vesperis.

431 1598 500 1625 Anti
503 1597 625 1634 phonae.

233 1676 263 1708 1.
290 1674 416 1706 Laudes
442 1675 593 1706 altisonas

334 1721 453 1761 psallat
476 1721 577 1753 Dolus
603 1721 810 1760 omnipotenti

286 1769 331 1801 Et
355 1769 468 1801 chorus
493 1768 681 1808 antiphonas

334 1820 443 1849 sancto
472 1825 569 1856 super
593 1818 680 1848 astra
702 1816 842 1848 manenti

383 1864 532 1897 Turiano.

227 1942 258 1973 2.
287 1939 364 1972 Voci
390 1940 539 1973 concordi

333 1988 360 2019 si
385 1997 447 2021 vox
471 1989 514 2020 sit
539 1996 676 2020 consona
701 1988 800 2028 cordi,

283 2035 426 2067 Exaudit
450 2037 576 2068 sanctus

336 2085 461 2115 vertens
486 2083 519 2114 in
538 2079 681 2125 [gaudia]
698 2081 844 2121 planctus

382 2129 547 2164 Turianus.

231 2209 262 2240 3.
290 2206 314 2238 Ο
339 2204 432 2247 vole,
459 2214 498 2236 ne
524 2206 642 2245 doleas,

334 2251 527 2290 amplectere
551 2252 676 2295 gaudia,
703 2253 816 2294 gaude,

288 2300 412 2337 Custos,
438 2307 479 2330 ne
503 2307 626 2338 pereas,

336 2346 379 2377 sit
403 2345 515 2384 plenus
539 2348 672 2385 perpete
696 2346 792 2378 laude

384 2391 552 2424 Turianus.

915 1514 946 1546 4.
972 1513 1064 1544 Felix
1088 1522 1223 1552 namque
1247 1512 1357 1551 Dolus,

1016 1561 1132 1592 meruit
1155 1560 1208 1600 qui
1232 1559 1369 1591 reddere
1392 1559 1477 1590 solus

970 1606 1158 1639 Pontificum
1181 1605 1292 1638 florem

1016 1654 1203 1686 reddentem
1227 1654 1329 1685 thuris
1354 1653 1492 1696 odorem,

1064 1701 1246 1734 Turianum.

915 1761 928 1776 f
936 1784 943 1791 .
972 1758 1094 1790 Psallat
1116 1757 1310 1790 multimodis

1018 1805 1117 1837 nobili
1143 1815 1214 1838 cum
1241 1804 1387 1836 carminis
1413 1804 1481 1836 odis

970 1853 1015 1885 Et
1038 1853 1107 1885 sine
1129 1853 1202 1885 labe
1229 1853 1294 1885 doli

1016 1900 1105 1941 regia
1129 1909 1221 1932 sacra
1242 1900 1315 1932 Doli

1064 1948 1213 1980 Turiano.

932 2040 939 2047 .
971 2016 1094 2055 Pastor,
1121 2024 1189 2055 ave,
1215 2014 1365 2050 Turiane,

973 2062 1096 2102 Lingua
1120 2065 1175 2094 tua
1199 2062 1262 2093 mel
1290 2068 1387 2093 suave

1023 2110 1138 2141 Vocem
1163 2108 1375 2149 audientibus,

972 2156 996 2189 O
1024 2156 1194 2199 confessor,
1222 2164 1342 2187 morum
1368 2162 1494 2187 messor.

972 2203 1071 2243 Apud
1095 2204 1197 2235 Deum
1220 2203 1412 2234 intercessor

1021 2250 1071 2282 Sis
1097 2259 1154 2290 pro
1180 2249 1270 2281 nobis
1296 2248 1450 2282 omnibus.

935 2325 942 2332 ,
971 2297 1062 2335 Dole,
1089 2297 1193 2337 gaude
1218 2299 1250 2327 et
1274 2296 1444 2339 applaude,

973 2343 1130 2375 Turianus
1154 2344 1266 2382 plenus
1291 2342 1388 2374 laude

1022 2390 1068 2421 Te
1092 2391 1233 2430 picturat
1255 2388 1396 2422 floribus.
