1651 2588
173 887 211 920 V.

694 129 948 165 —157-

241 224 371 258 Florem
395 224 569 264 pudicitiae

240 272 377 304 Servans
400 271 557 304 illibatum

241 318 359 359 Attigit
384 319 517 351 eximiae

242 365 335 397 Vitae
360 366 558 399 coelibatum.

241 422 394 455 Parentes
418 424 510 463 prole
535 426 678 456 carentes

242 470 456 503 obtinuerunt
478 470 627 511 precibus

242 517 370 558 Filium,
397 518 450 558 qui
475 521 559 551 esset
583 518 695 551 haeres

242 565 317 598 Plus
342 565 482 597 moribus
505 574 597 606 quam
623 567 745 606 opibus

380 640 587 676 Responsoria.

211 723 217 730 .
246 697 309 731 Sub
337 697 504 730 Benedicti
528 699 638 738 regula

242 745 355 779 Mente
377 745 516 785 proiecit
539 746 659 787 sedula,

242 793 347 825 Antra
371 794 496 832 quaerit
521 793 727 834 desertorum,

243 839 289 873 Ut
314 848 428 879 expers
452 840 494 871 sit
518 843 738 881 peccatorum,

241 887 363 920 Bonam
387 888 516 919 sortitus
542 888 678 919 animam

243 934 349 966 Patris
374 935 517 974 sequitur
542 935 691 975 regulam,

242 981 322 1020 Ejus
347 989 481 1021 sequens
507 982 649 1023 vestigia,

241 1028 357 1061 Mundi
382 1029 514 1060 horrens
537 1027 674 1069 fastigia.

240 1085 419 1118 Martianus
443 1085 594 1125 puerulus

241 1132 378 1165 Deditus
402 1133 617 1172 poenitentiae

241 1179 431 1212 Macorabat
454 1188 545 1212 suum
571 1188 684 1220 corpus

243 1227 305 1260 Per
330 1230 405 1259 vota
428 1227 648 1268 abstinentiae,

240 1274 365 1307 Vacans
389 1273 585 1306 orationibus

242 1321 416 1354 illecebras
440 1321 590 1353 lasciviae

245 1369 273 1401 A
298 1376 333 1399 se
357 1368 490 1400 tollebat
514 1368 651 1408 penitus.

244 1424 424 1458 Martianus
449 1425 605 1458 Sanionus

242 1473 366 1512 Aegros
389 1472 505 1504 multos
529 1480 623 1503 sanos
647 1470 733 1513 fecit,

242 1519 381 1552 Mortem
406 1522 517 1551 tenens
541 1519 643 1550 victor
667 1517 768 1551 factus

246 1566 403 1600 Coelestia
427 1565 601 1598 luerefecit.

243 1616 317 1654 Ipse
343 1613 501 1646 Christum
536 1621 669 1652 sequens
694 1614 797 1646 nudus

244 1662 365 1695 Cuncta
389 1662 499 1694 mundi
524 1660 607 1693 bona
627 1661 758 1700 sprevit.

305 1756 351 1788 In
377 1757 408 1788 2.
434 1755 664 1788 Nocturno.

385 1821 498 1857 Antiph
502 1829 583 1849 onae.

208 1906 215 1913 .
241 1882 346 1913 Antra
371 1880 490 1912 deserti
513 1879 628 1919 petivit

242 1927 300 1959 Vir
324 1929 463 1967 sanctus,
488 1936 507 1959 a
528 1926 695 1966 juventute

241 1976 356 2014 Jugum
380 1974 506 2006 Domini
533 1975 674 2012 portavit

240 2023 351 2055 Donec
376 2024 447 2054 acta
471 2023 642 2053 senectute.

240 2078 374 2112 Relictis
398 2080 491 2117 patre
516 2079 547 2109 et
571 2080 673 2109 matre

241 2128 348 2166 Atque
374 2125 546 2157 eorundem
571 2124 671 2165 bonis,

240 2173 296 2207 Nil
323 2173 445 2205 curavit
472 2172 647 2211 temporale

241 2222 415 2256 Contentus
440 2220 516 2252 solis
543 2219 668 2251 divinis.

241 2280 365 2312 Pernox
392 2286 463 2309 cum
481 2276 607 2311 Christo
631 2278 794 2317 proprium

239 2326 311 2360 Non
336 2325 523 2365 possidebat
546 2324 706 2365 lectulum,

240 2376 318 2407 Post
341 2374 543 2405 lacrimarum
568 2370 697 2405 fluvium

242 2422 306 2457 Vix
331 2421 418 2454 humi
445 2421 524 2456 dans
550 2420 790 2461 corpusculum.-

870 287 901 319 1.

853 475 892 505 V.

858 862 896 894 V.

870 1577 897 1608 1.

1062 226 1268 262 Responsoria.

925 285 1047 318 Humili
1073 287 1174 316 tectus
1201 286 1323 317 cuculla

923 333 1151 364 Monachorum
1174 332 1352 364 Martianus

924 379 977 411 Sic
1000 379 1110 411 mundi
1135 379 1343 412 deliramenta

923 427 966 459 Et
991 425 1090 459 hostis
1115 427 1192 458 lusit
1215 427 1350 468 penitus,

921 475 1053 506 Transit
1075 482 1135 513 per
1158 475 1347 514 temporalia

925 521 1075 554 Omnibus
1102 520 1191 552 bonis
1217 524 1339 561 exutus,

924 569 1014 600 Bona
1038 568 1160 609 quaerit
1185 569 1333 601 coelestia

924 617 1060 656 Pauper,
1088 616 1225 656 humilis,
1254 615 1426 648 mendicus.

893 698 899 705 .
927 672 1126 713 Virginitatis
1149 672 1250 704 lilium

925 720 1087 752 Illibatum
1113 721 1321 762 conservavit,

924 767 1014 799 Nihil
1038 767 1204 807 possidens
1229 766 1391 807 proprium

928 814 1048 854 Corpus
1074 822 1163 844 suum
1189 813 1365 856 castigavit,

927 861 1010 893 Dum
1036 861 1129 893 etiam
1157 861 1292 892 cilicium

926 909 965 941 In
990 916 1085 940 carne
1109 917 1166 939 sua
1189 909 1339 950 portavit,

927 955 1029 995 Super
1052 955 1171 987 nudum
1192 956 1302 994 J'acens
1326 956 1453 986 humum

925 1002 978 1034 Sic
1000 1002 1160 1034 interdum
1186 1002 1345 1034 dormivit.

893 1083 901 1091 .
927 1059 1043 1091 Beatus
1068 1067 1189 1098 pauper
1213 1059 1327 1098 spiritu

927 1105 1015 1137 Nihil
1040 1105 1202 1144 proprium
1225 1105 1378 1145 possedit,

925 1153 976 1185 De
1002 1152 1107 1184 divino
1128 1156 1237 1192 sperat
1259 1155 1347 1191 nutu,

928 1200 986 1238 Qui
1010 1200 1112 1231 libens
1138 1202 1250 1231 cuncta
1276 1198 1404 1237 dimisit,

925 1247 1113 1279 Humilitate
1136 1247 1300 1286 praeditus

928 1295 991 1326 Pro
1016 1292 1167 1325 fratribus
1192 1293 1392 1333 mendicavit,

928 1341 1078 1373 Omnibus
1103 1339 1164 1371 fuit
1184 1341 1321 1373 subditus

926 1387 989 1420 Sed
1016 1387 1148 1420 caritate
1171 1387 1319 1427 praefuit.

987 1463 1031 1495 In
1059 1463 1090 1496 3.
1116 1462 1340 1498 NocturnO.

1070 1522 1263 1558 Antiphonae.

924 1576 1081 1608 Assiduus
1107 1576 1247 1608 oratione

923 1623 1076 1656 Basilicas
1101 1623 1259 1664 visitabat,

926 1670 994 1702 Hos
1019 1679 1152 1711 sequens
1175 1670 1382 1710 professione,

924 1718 984 1750 His
1009 1718 1123 1750 sociari
1150 1718 1296 1751 debebat.

926 1774 1085 1808 Christum
1110 1776 1289 1808 mendicum
1313 1775 1476 1807 mendicus

923 1822 1088 1855 Patienter
1113 1823 1313 1863 sequebatur,

925 1870 1128 1910 Compatiens
1153 1871 1346 1910 pauperibus

926 1917 1046 1950 Cuncta
1070 1918 1322 1957 impartiebatur.

892 2001 898 2006 .
925 1974 1086 2006 Mortuum
1111 1974 1220 2006 vivens
1244 1975 1385 2016 suscitat,

924 2021 1023 2053 Matri
1049 2030 1229 2061 eompassus
1255 2022 1379 2062 viduae,

921 2069 1040 2101 Filium
1064 2069 1169 2101 vivum
1194 2069 1342 2110 adsignat

923 2117 1101 2149 Praemissa
1127 2117 1278 2151 oratione.

1063 2182 1269 2217 Responsoria.

891 2254 897 2261 .
924 2232 1038 2263 Pastor
1062 2233 1206 2271 pastores
1234 2232 1340 2264 visitat

923 2279 1109 2318 Auspicium
1134 2281 1166 2309 et
1188 2279 1360 2322 Castorem,

922 2326 1100 2358 Martianus
1124 2326 1181 2358 hos
1207 2327 1333 2367 salutat,

923 2374 1106 2414 Hospitium
1131 2373 1177 2406 ibi
1201 2375 1330 2407 tandem

930 2422 1038 2464 Elegit
1061 2424 1156 2463 atque
1180 2423 1330 2464 requiem.
