1651 2588
198 685 238 716 A.

204 2066 236 2098 FO

197 2266 228 2298 3.

722 146 979 181 —159—

276 238 362 264 Brev.
384 237 514 273 Aptense
534 239 604 274 imp.
625 239 760 278 Lugduni
784 237 865 268 1532.
891 255 928 259 —
952 241 988 268 In
1010 239 1034 268 1.
1054 241 1142 277 Vesp.
1164 241 1201 267 ad
1220 241 1318 287 Magn.
1339 239 1371 274 Α,
1397 239 1417 268 4
1435 241 1505 268 (lata

201 278 277 302 sunt.
302 289 340 294 —-
365 275 401 303 In
423 273 447 303 1.
468 276 551 303 Noet.
573 275 595 302 Α
616 274 642 308 3,
671 276 688 305 3
709 287 831 314 quorum
855 281 939 306 esset.
962 294 1001 299 —
1025 279 1060 306 In
1079 277 1105 305 2.
1126 279 1209 306 Noet.
1232 276 1252 304 R
1273 277 1300 311 ὁ,
1325 276 1343 306 8
1364 278 1435 306 Sola
1454 279 1504 306 sed

202 314 331 340 caritate.
359 329 396 333 -—
420 314 457 342 In
476 311 502 341 3.
524 314 608 342 Noct.
633 312 654 341 R
676 313 701 348 1,
722 315 739 342 7
761 316 897 344 abbatem
916 325 1009 353 gegen
1028 317 1112 344 Reim
1131 316 1192 343 und
1212 316 1388 344 Silbenzahl.
1412 331 1449 335 —-
1469 317 1505 344 111

200 348 226 378 2.
247 351 335 386 Vesp.
356 349 379 377 Α
400 350 426 385 2,
446 350 466 379 4
484 352 562 379 Eum
581 353 719 381 moribus.
740 368 777 374 —-
797 352 820 381 Α
841 352 868 389 3,
889 352 906 382 3
925 355 1051 382 Transit.
1072 369 1109 373 —
1129 352 1152 381 Α
1172 352 1198 387 5,
1219 352 1237 382 3
1256 354 1297 382 Et
1316 355 1426 382 devote.

379 480 426 512 60.
470 480 505 511 In
523 480 726 513 Revelatione
741 490 781 513 ss.
803 482 952 521 mauritii,
973 482 1127 524 Exuperii
1147 484 1178 514 et
1197 482 1331 514 Candidi.

334 561 351 594 1
369 570 390 592 n
417 561 448 594 1.
474 560 693 600 Vesperis.

385 625 480 661 Super
499 626 642 653 Psalmos.

269 682 467 725 Confortare,
492 692 636 723 pugnans
662 684 805 724 ecelesia,

270 731 345 762 Tibi
370 731 499 771 grandis
524 731 616 762 adest
640 731 772 772 laetitia,

265 778 485 810 Thebaeorum
513 776 589 809 felix
612 778 727 810 militia

267 825 375 857 Morte
399 826 485 865 oepit
506 834 603 865 regna
629 826 794 865 eoelestia3

269 872 369 905 Grata
393 873 487 904 nimis
511 873 574 904 ista
597 873 731 904 victoria

269 920 372 953 Laeta
396 920 504 952 reddit
527 920 640 951 horum
661 920 822 954 solemnia.

393 994 439 1021 Ad
461 993 639 1030 Magnificat.

268 1053 292 1085 O
327 1061 420 1092 quam
454 1050 533 1083 felix
557 1051 706 1083 Thebaea
730 1052 822 1092 legio,

266 1099 405 1139 Fulgens
419 1099 515 1130 armis
530 1099 675 1130 eoelestis
684 1099 822 1139 luminis,

266 1147 352 1185 Quae
370 1148 549 1185 contempto
566 1147 719 1178 mandato
735 1146 822 1186 regio

268 1193 324 1226 Sui
346 1193 463 1226 rubens
490 1194 595 1225 colore
620 1193 780 1234 sanguinis

265 1241 350 1273 Miro
377 1241 497 1272 coelum
523 1240 660 1279 replevit
684 1240 798 1280 gaudio

266 1288 341 1320 Zelo
366 1297 461 1328 passa
483 1288 613 1327 superni
636 1287 773 1320 luminis.

336 1382 396 1414 Ad
421 1381 688 1414 Matutinum.

403 1446 619 1473 Invitatorium.

264 1504 468 1537 Exsultemus
495 1504 688 1536 concinendo

312 1552 392 1591 Regi
417 1551 624 1584 saeculorum.

263 1598 439 1631 Jubilemus
465 1598 692 1638 congaudendo

311 1646 442 1679 Palmae
464 1645 694 1679 Thebaeorum.

326 1741 372 1773 In
399 1741 430 1774 1.
456 1740 685 1772 Nocturno.

408 1805 602 1841 Antiphonae.

226 1891 234 1899 .
259 1865 311 1897 Ex
335 1864 476 1904 Aegypti
500 1863 618 1895 Thebis
642 1866 719 1895 nata

260 1911 480 1944 Thebaeorum
505 1910 600 1943 beata
620 1910 703 1952 legio

264 1959 326 1991 Per
351 1958 541 1999 baptismum
565 1960 639 1998 post
662 1960 774 1990 renata

259 2006 362 2038 Lucet
386 2006 456 2038 orbi
482 2006 633 2039 virtutum
658 2005 758 2038 radio.

262 2063 393 2096 Zabdae
409 2062 515 2095 verbis
528 2062 644 2094 Heliae
658 2063 815 2102 praesulis

259 2110 408 2151 Legionis
433 2111 574 2151 insignes
600 2110 691 2141 cunei

260 2159 467 2192 Peccatorum
491 2157 636 2190 mundati
657 2157 789 2189 maculis

259 2206 458 2239 Christianae
483 2205 662 2238 subduntur
687 2204 772 2238 fidei.

256 2263 374 2296 Caesar
399 2263 534 2295 Romam
559 2263 616 2294 hos
643 2263 766 2295 vocavit

252 2311 306 2343 Ad
332 2310 422 2351 regni
446 2310 652 2350 praesidium,

255 2359 334 2393 Cum
360 2358 480 2397 collega
507 2357 684 2397 designavit,

253 2406 308 2438 Ad
332 2408 441 2445 partes
467 2404 645 2439 rebellium.

898 620 929 653 1.

881 808 922 841 V.

894 913 925 945 2.

882 1098 919 1131 V.

1093 562 1298 598 Responsoria.

955 620 1070 660 Fulget
1096 620 1163 651 dies
1188 619 1340 658 triumphi
1364 619 1479 651 nobilis

1002 666 1148 707 Legionis
1174 665 1361 707 Thebaicae,

957 714 1065 753 Stirpe
1090 714 1203 753 clarae,
1227 712 1291 745 fide
1307 713 1502 754 spectabilis,

1000 762 1110 801 Fama,
1136 761 1232 800 gestis
1257 760 1420 793 mirificae.

952 807 1053 839 Ferro
1064 816 1173 839 eaesae
1179 816 1236 847 pro
1245 808 1362 841 Christi
1369 807 1502 848 legibus,

952 855 991 887 In
1008 855 1163 886 coelorum
1177 855 1350 886 translatae
1362 854 1501 886 sedibus.

952 911 1040 942 Nutu
1062 911 1134 951 Dei,
1165 913 1334 951 praecepto
1361 910 1503 943 Caesaris

950 958 1082 990 Romam
1106 959 1193 990 venit
1215 958 1362 990 Thebaea
1383 958 1475 997 legio,

950 1005 1089 1045 Fulgens
1101 1005 1195 1037 armis
1210 1005 1354 1036 coelestis
1362 1005 1499 1042 luminis,

951 1052 1033 1083 Fide
1047 1054 1203 1091 constans,
1218 1050 1310 1083 fortis
1323 1052 1356 1083 in
1369 1052 1500 1091 proelio.

949 1099 1058 1130 Mente
1083 1099 1208 1132 Christo
1233 1098 1402 1139 serviebat,

1000 1146 1128 1179 Caesari
1152 1146 1275 1185 militia,

950 1193 1099 1233 Fierique
1124 1192 1289 1233 satagebat

998 1240 1065 1272 Deo
1086 1241 1215 1280 placens
1239 1240 1353 1271 hostia.

950 1296 1040 1328 Fana
1063 1297 1170 1328 volens
1194 1296 1353 1336 honorari,

950 1344 1068 1376 Christi
1092 1352 1205 1375 nomen
1230 1342 1389 1383 abnegari,

950 1390 1144 1423 Christianos
1168 1390 1322 1422 trucidari

996 1437 1066 1469 Rex
1091 1438 1242 1469 scelestus
1266 1436 1433 1478 praecipit,

947 1484 1166 1516 Thebaeorum
1190 1483 1269 1515 felix
1293 1486 1398 1515 coetus

951 1531 1023 1563 Non
1049 1532 1165 1572 obedit,
1192 1532 1286 1563 immo
1312 1531 1415 1562 laetus

994 1579 1130 1611 Mortem
1157 1579 1245 1619 prius
1271 1578 1400 1618 excipit.

1009 1721 1052 1753 In
1079 1722 1111 1755 2.
1137 1720 1368 1754 Nocturna

1091 1795 1283 1832 Antiphonae.

946 1863 999 1896 Sic
1023 1864 1055 1895 in
1081 1863 1145 1895 fide
1170 1862 1393 1895 confirmantur

990 1911 1103 1951 Papali
1129 1911 1293 1952 colloquio,

944 1959 1034 1998 Quod
1058 1958 1098 1990 ab
1125 1967 1162 1990 ea
1186 1967 1248 1989 non
1272 1959 1433 1989 mutantur

994 2005 1102 2038 Morte
1126 2006 1178 2038 vel
1202 2006 1367 2046 supplicio.

943 2063 999 2095 Fit
1025 2062 1171 2094 coelestis
1198 2070 1237 2093 ex
1261 2061 1410 2093 Thebaeo

992 2109 1106 2142 Coetus
1133 2112 1204 2142 voto
1231 2109 1382 2150 compari,

944 2158 1031 2197 Quae
1055 2159 1128 2188 sunt
1152 2156 1223 2196 Dei,
1257 2157 1395 2189 reddens
1423 2156 1502 2198 Deo,

990 2205 1076 2244 Quae
1101 2204 1258 2244 Caesaris,
1286 2203 1424 2237 Caesari.

910 2287 917 2295 .
940 2261 984 2294 Hi
1008 2262 1127 2293 virtute
1150 2260 1283 2299 nobiles,

990 2310 1026 2342 In
1057 2309 1153 2342 armis
1177 2311 1209 2340 et
1235 2309 1365 2350 strenui,

944 2357 1019 2390 Plus
1044 2355 1109 2389 fide
1133 2356 1333 2399 spectabiles,

990 2405 1053 2438 Pro
1079 2414 1141 2446 qua
1165 2407 1301 2446 regnant
1323 2406 1455 2438 mortui.
