1650 2587
670 72 906 108 ,2—92—

215 165 297 197 Nam
324 166 397 198 ‹lum
422 166 470 197 sui
495 166 676 205 baptimalis

265 221 358 244 saera
380 211 418 245 fit
440 213 609 255 immersio,

220 259 361 299 Quinque
385 260 501 299 gaudet
526 262 706 292 renatorum

268 307 390 338 milium
416 307 582 342 consortio.

283 400 328 432 In
355 402 385 434 2.
411 399 634 433 Nocturno.
654 415 664 419 -

347 464 540 500 Antiphonae.

164 522 193 555 1.
222 523 300 554 Post
322 521 512 562 baptismum
533 523 600 561 jam
627 523 736 554 dotata

265 569 348 600 Dote
372 568 472 600 sancti
497 569 638 608 spiritus,

222 615 275 646 Sic
299 615 477 655 scripturae
499 616 665 647 veritatem

263 657 437 701 indagabat
460 660 612 702 funditus,

217 709 262 741 Ut
286 709 320 740 id
344 708 471 740 tandem
496 708 689 749 adfirmaret,

262 756 347 794 quod
369 755 504 794 negabat
528 756 684 795 primitus.

164 812 194 844 2.
222 811 315 844 Circa
338 820 453 843 novum
477 814 698 844 testamentum

263 858 446 890 meditando
468 859 588 899 ¹iugiter

215 904 321 936 Morte
346 905 466 937 Christi
488 906 597 937 mortis
622 907 725 938 locum

264 954 354 983 notat
376 952 607 992 principaliter,

219 998 316 1037 Quem
340 998 450 1031 videre
472 1001 578 1030 mente
601 1000 713 1031 videns

265 1046 353 1084 cupit
378 1046 595 1083 corporaliter.

159 1101 189 1132 3.
218 1100 304 1132 Nutu
326 1102 408 1141 regis
433 1101 590 1140 regionem

264 1156 390 1187 egressa
412 1146 586 1188 finitimam,

220 1193 328 1226 Crucis
351 1195 469 1235 lignum
494 1197 527 1226 ut
552 1196 701 1238 requirat,

262 1242 345 1280 petit
368 1242 608 1285 Jerosolymam,

896 166 1081 199 comitivam
1105 167 1318 205 pugnatorum
1344 177 1362 180 ··

940 222 1047 255 secum
1072 213 1189 244 (lucens
1215 212 1392 251 maximam.

952 307 998 339 In
1024 309 1055 340 3.
1082 304 1314 340 No'cturno.

1039 371 1234 407 Antiphonae.

839 429 870 463 1.
897 430 1078 462 Accersitos
1102 428 1181 468 legis
1207 427 1318 459 doctos

936 476 1011 508 hinc
1034 475 1143 508 subdit
1168 475 1313 514 examini,

891 524 973 562 Quos
998 523 1136 554 minatur
1158 522 1386 561 mancipandos

938 570 1134 602 flammarum
1161 568 1345 611 discrimini,

892 616 962 649 Nisi
986 617 1073 648 locus
1097 616 1291 657 ostendatur,

943 672 1004 703 quo
1028 671 1106 695 crux
1130 663 1210 694 latet
1232 663 1370 695 Domini.

833 721 864 752 2.
891 719 1036 751 Tradunt
1054 718 1182 759 Judam‚
1205 727 1296 758 quem
1315 722 1440 751 coercet

938 775 1022 797 nunc
1046 765 1132 797 fame
1153 774 1237 797 nunc
1262 775 1399 806 earcere,

891 813 1001 845 Donec
1025 814 1092 853 ejus
1117 813 1196 844 velit
1218 815 1325 845 votum

935 860 1067 892 salubre
1089 859 1263 900 perficere3

892 907 1008 946 Implet
1033 908 1169 946 demum,
1196 907 1242 938 sic
1266 907 1428 939 inventrix

939 953 976 985 fit
1000 953 1102 985 crucis
1126 952 1294 985 heriferae.

834 1011 865 1043 3.
892 1008 1012 1041 Laudis
1038 1018 1121 1051 erg0,
1140 1010 1263 1041 <chorus
1287 1010 1358 1052 istc,

936 1057 1002 1096 J'am
1025 1056 1168 1088 Helenae
1192 1057 1324 1097 recolas,

890 1103 932 1135 Ei
955 1111 1089 1143 namque
1112 1105 1168 1134 tua
1191 1106 1264 1135 vota

938 1159 1000 1182 non
1025 1151 1181 1181 incassum
1199 1151 1361 1190 -immolas,

891 1197 953 1228 Per
977 1206 1067 1236 quam
1095 1197 1182 1228 scala
1206 1198 1364 1236 reperitur

937 1244 1054 1275 vehens
1082 1243 1124 1275 ad
1148 1244 1300 1276 aureolas.
1347 1272 1353 1275 .

221 1315 305 1342 Brev.
333 1324 385 1343 ms.
413 1323 488 1342 saec.
515 1313 559 1343 15.
582 1315 650 1343 Ood.
671 1317 811 1343 Mazarin.
836 1315 891 1344 372
911 1316 995 1352 (776).
1015 1332 1051 1336 -—
1071 1318 1129 1344 Die
1147 1318 1270 1354 iibrigen
1288 1318 1371 1346 Teile
1390 1318 1441 1346 des

149 1351 296 1379 Officiums
317 1352 476 1388 prosaiseh.
509 1353 660 1388 Hymnen:
681 1355 713 1380 in
725 1354 826 1390 Vesp.:
853 1355 959 1382 Faetcr
979 1356 1058 1383 orbis
1079 1357 1109 1382 et
1127 1357 1255 1382 omnium
1274 1354 1369 1390 (Anal.
1389 1357 1440 1391 IV,

151 1387 226 1424 150);
248 1391 280 1417 in
300 1391 382 1418 Noct.
403 1389 566 1418 Praeclaris
586 1391 730 1425 Helenae3
751 1393 782 1418 in
801 1392 909 1419 Laud.:
927 1393 1000 1420 Jesu
1019 1392 1182 1429 redempter
1200 1394 1340 1428 gentium.

550 1552 597 1583 34.
636 1553 679 1584 De
699 1561 722 1583 s.
743 1553 860 1584 Helena
880 1554 1031 1585 Trecensi.

278 1640 323 1671 In
350 1641 380 1674 1.
407 1641 622 1679 Vesperis.

360 1713 553 1749 Antiphonae.

162 1780 192 1813 1.
219 1782 256 1813 In
279 1780 404 1812 Helena

261 1836 378 1867 sponsa
403 1829 435 1858 et
457 1828 579 1868 virgine

213 1873 367 1914 Sponsum
390 1883 471 1906 novo

257 1921 421 1953 laudemus
449 1922 595 1962 carmine,

212 1968 259 2001 Ut
281 1969 409 2008 placens
434 1969 475 2000 sit

257 2016 326 2047 laus
351 2025 441 2058 nova,
468 2016 621 2055 pristinae

211 2062 419 2102 Deponantur

258 2118 398 2141 errorum
423 2110 575 2144 sarcinae.

153 2176 183 2207 2.
211 2175 307 2213 Voce,
335 2178 405 2207 voto

253 2221 385 2262 virginis
413 2222 556 2254 Helenae

209 2268 334 2302 Psallat
356 2269 470 2302 laudes

256 2324 352 2348 senex
377 2325 447 2350 cum
467 2317 592 2360 juvene,

889 1642 989 1674 Immo
1014 1642 1130 1682 psallat

937 1690 1037 1720 omnis
1063 1689 1200 1722 conditio

890 1735 933 1767 Et
958 1736 1089 1768 solemni

935 1785 1105 1823 concrepet
1128 1785 1253 1824 gaudio.

832 1859 863 1891 3.
889 1857 1027 1897 Speciali

934 1905 1067 1936 resultet
1083 1906 1197 1944 gaudio

886 1951 1052 1983 Ecclesiae

932 1998 1097 2031 Trecensis
1124 2001 1233 2033 concio

883 2045 992 2077 Coram
1021 2046 1138 2078 sanctis

931 2093 1080 2125 membris
1103 2094 1252 2135 virgineis

882 2139 1071 2172 Resonando

930 2186 1015 2218 tubis
1040 2189 1207 2227 argenteis.

826 2263 858 2294 4.
884 2261 970 2294 Urbs
993 2262 1176 2303 'Fi-ecorum,

932 2317 1051 2342 summo
1075 2310 1217 2351 tripudio
