1650 2587
698 128 959 164 —229—

316 222 361 254 In
389 222 420 256 1.
446 221 504 254 No
516 224 676 256 oturno.

397 287 592 324 Antiphonae.

196 345 227 377 1.
256 345 351 377 Ortus
377 345 471 377 claris
495 347 680 386 parentibus

303 391 347 424 Et
371 392 507 425 vallatus
535 393 663 432 divitiis,

257 440 416 471 Adhaesit
440 440 556 479 spretis
582 440 725 472 omnibus

303 487 477 519 Salvator-is
503 488 653 519 consiiiis.

198 545 228 577 2.
256 544 427 576 Parentum
451 547 553 575 morte
579 544 709 583 praevia

305 591 368 623 Sua
392 592 445 630 pie
470 590 643 630 distribuit,

256 638 383 669 Firmus
407 637 484 669 fidei
504 638 607 678 gratia

304 685 395 718 Vana
418 685 526 716 statim
551 684 726 719 abhorruit.

198 743 229 775 3.
257 741 376 774 Christi
402 741 499 773 corde
523 743 649 781 gestans
672 740 769 773 fidem

305 788 498 827 Crucemque
515 790 646 828 portans
665 796 807 828 corpore,

256 836 392 868 Severus
417 843 545 867 severus
565 835 650 866 idem

305 882 394 915 Vixit
417 882 501 914 omni
525 885 677 921 tempore.

395 956 603 991 Responsoria.

198 1007 228 1040 1.
254 1005 342 1037 Leva
367 1013 485 1044 vocem,

301 1051 406 1084 fidelis
433 1051 551 1089 concio,

253 1100 358 1139 Atque
383 1098 485 1130 sancti

303 1146 413 1178 Severi
437 1145 542 1184 gratia

255 1192 370 1225 Lauda
391 1192 494 1224 Deum

304 1240 388 1272 trino
414 1238 565 1279 tripudio,

257 1288 353 1319 Vocis
379 1288 471 1318 sonet

301 1342 431 1366 concors
457 1332 628 1371 discordia,

257 1382 300 1413 Ut
325 1381 444 1421 lingua,
469 1388 558 1411 mens

305 1428 398 1460 simul
424 1429 456 1459 et
480 1427 563 1458 actio

257 1476 333 1508 Pari
357 1483 483 1515 semper

306 1523 477 1555 concordet
499 1520 611 1561 gratia,

185 1572 225 1605 V.
255 1570 335 1602 Tale
359 1572 469 1601 tenens

302 1619 430 1649 sanctus
455 1614 629 1655 tripudium

255 1664 450 1697 Sublimatur

303 1713 345 1744 ad
371 1709 592 1743 sacerdotium.

196 1772 227 1803 2.
253 1768 431 1810 Egrediens

303 1817 343 1848 de
367 1819 454 1847 terra
477 1814 647 1854 presbyter

256 1863 302 1895 Ut
328 1862 492 1895 Abraham

305 1910 416 1942 fideles
443 1908 559 1947 docuit,

256 1958 304 1991 Ut
327 1958 463 1997 pareant

303 2005 372 2037 Deo
399 2003 536 2035 feliciter

257 2052 419 2085 Faciendo

301 2101 403 2140 jussa,
430 2106 510 2139 quae
534 2095 650 2138 posuit,

255 2146 496 2188 DespernendO,

305 2203 386 2235 quae
411 2193 556 2226 Christus
580 2189 691 2223 noluit.

187 2246 223 2278 V.
252 2244 329 2277 Cum
355 2241 510 2273 Viennam
535 2237 742 2280 pervenisset,

304 2290 391 2322 Loca
415 2289 563 2320 lustravit
586 2286 686 2325 varia,

257 2338 301 2370 Et
323 2345 393 2369 cum
421 2336 460 2368 de
483 2335 577 2375 longe
601 2333 749 2373 venisset,

307 2383 434 2425 Quievit
456 2382 490 2413 in
516 2381 662 2421 Vogaria.

902 250 908 258 .
935 225 1080 257 Ostendit
1105 222 1295 257 venerabilis

981 273 1087 305 Arbor
1109 273 1173 303 ritu
1197 271 1344 313 fanatico,

933 318 1086 357 Quantum
1112 320 1154 351 sit
1177 322 1303 351 sanctus
1327 320 1424 360 utilis,

981 366 1040 405 Qui
1065 367 1160 398 verbo
1185 366 1275 399 dedit
1298 367 1441 409 mystico,

936 412 1128 445 Gentilitatis
1153 414 1270 445 sterilis

979 460 1100 492 Multos
1125 461 1279 494 convertit
1303 462 1399 494 illico.

895 531 902 538 .
934 506 992 545 Qui
1016 507 1153 540 fanatice
1179 508 1351 541 credebant

982 554 1174 595 Dignitatem
1199 556 1333 596 arboris,

935 600 1006 633 Jam
1032 603 1173 634 conversi
1198 602 1402 635 succidebant

982 649 1074 681 Hanc
1100 650 1138 681 de
1161 649 1231 681 loco
1255 650 1411 682 memoris.

997 743 1041 774 In
1069 744 1100 774 2.
1126 742 1353 777 NocturnO.

1077 807 1271 844 Antiphonae.

902 890 910 898 .
936 864 1042 897 Arbor
1065 867 1188 897 succisa
1210 867 1340 905 pellitur

936 911 982 944 Et
1003 911 1120 944 Albani
1147 913 1338 945 construitur

935 958 1090 999 ‘Martyris
1110 960 1174 998 J'am
1201 960 1334 992 ecclesia

936 1005 999 1037 Hic
1023 1005 1151 1038 inventa
1174 1008 1318 1045 pecunia.

902 1087 909 1094 .
935 1061 994 1093 His
1020 1064 1153 1102 patratis

985 1110 1070 1141 venit
1094 1110 1136 1141 ad
1161 1110 1284 1142 moenia

933 1155 1077 1189 Civitatis

983 1212 1155 1243 peragrans
1181 1204 1293 1244 spatia,

936 1249 1066 1282 Transit
1089 1253 1217 1290 pontem

985 1300 1017 1329 et
1041 1299 1190 1337 templum
1216 1299 1345 1338 reperit,

938 1345 1028 1383 Quod
1052 1345 1099 1376 sic
1124 1349 1209 1376 stare
1233 1354 1295 1377 non
1322 1346 1447 1378 deserit.

904 1427 911 1434 .
939 1400 1070 1434 Centum
1097 1402 1171 1434 deos
1197 1402 1369 1435 vocabatur

985 1448 1147 1480 Idolorum
1172 1450 1317 1491 servitus,

937 1494 1020 1527 Dum
1051 1499 1177 1527 sanctus
1202 1496 1305 1528 Deum
1331 1499 1489 1536 precatur,

988 1542 1189 1574 Subvertitur
1214 1543 1354 1584 coelitus,

939 1590 1043 1621 Locus
1069 1598 1201 1630 quoque,
1226 1599 1286 1630 quo
1311 1591 1490 1631 manebant,

986 1637 1057 1668 Non
1080 1640 1217 1677 apparet
1239 1639 1374 1677 penitus.

1076 1712 1283 1747 Responsoria.

906 1786 913 1792 .
940 1759 1060 1792 Nomen
1089 1759 1207 1792 Christi

991 1808 1056 1840 viso
1082 1808 1235 1840 miraculo

938 1856 1103 1895 Recipitur

988 1903 1028 1934 ab
1054 1902 1109 1934 illo
1133 1902 1261 1942 populo,

941 1950 1103 1983 Idolorum

989 1998 1083 2036 pulsa
1106 1997 1247 2029 versutia

942 2045 1099 2083 Incipitur

987 2092 1095 2123 statim
1120 2090 1255 2122 ecclesia

939 2141 976 2172 In
1002 2139 1153 2179 martyris

990 2185 1143 2226 Stephani
1168 2185 1293 2216 nomine

943 2234 1133 2273 Propulsato

988 2280 1122 2320 profano
1147 2280 1283 2312 numine.

903 2357 909 2363 .
940 2329 1003 2361 Vas
1030 2327 1153 2368 argenti

990 2376 1030 2407 de
1050 2379 1137 2407 terra
1162 2372 1294 2415 foditur,
