1650 2587
706 95 964 131 —123—

225 219 232 226 .
263 192 317 225 Ad
341 194 465 232 gentem
489 192 603 224 missus
627 192 784 233 perfidam

262 239 419 273 Christum
447 240 541 272 docet

310 286 355 318 Et
373 287 475 327 legem
501 287 723 321 Christianam.

232 378 240 384 .
267 352 361 385 Felix
386 353 466 385 cella
489 354 622 397 vinaria,

305 399 356 431 De
379 409 441 440 qua
464 401 569 433 vinum
597 401 762 434 doetrinae

268 447 376 480 Stillat
401 450 434 479 et
455 448 666 489 pigmentaria

308 494 461 527 Coelestis
486 495 661 528 medicinae

263 541 343 574 Tam
368 543 550 584 secretaria,

227 615 234 622 .
265 589 410 623 Coeleste
433 590 572 621 triticum

309 635 397 668 Coeli
420 645 585 669 recensum
607 636 730 679 horreo,

263 682 388 723 Dogma
413 684 600 716 catholicum

307 730 482 763 Doctorum
506 730 608 771 fulget
631 739 740 763 cuneo.

233 822 241 828 .
266 797 350 830 Dum
377 797 521 829 doctrina
545 796 663 828 Christi
686 796 782 829 fidem

310 844 463 875 roborare
486 844 607 887 nititur7

267 890 319 923 Ab
340 891 455 931 iniquis
482 891 592 923 doctor
614 891 714 923 bonus

309 938 436 970 invasus
464 938 629 977 occiditur,

269 984 322 1017 Sic
346 985 434 1025 pugil
459 986 557 1017 currit
582 985 625 1016 ad
649 985 756 1026 vitam,

312 1031 385 1063 dum
409 1041 468 1071 pro
493 1031 558 1064 fide
580 1032 732 1073 moritur;

228 1104 235 1110 .
268 1077 421 1111 Constans
446 1078 538 1110 offert
562 1087 676 1118 corpus
698 1079 793 1111 morti

307 1135 367 1165 pro
390 1124 464 1168 fide,
491 1134 583 1166 quam
610 1126 726 1159 docuit.

323 1230 369 1261 In
403 1230 434 1262 3.
461 1230 688 1263 NocturnO.

413 1304 609 1340 Antiphonae.

234 1398 241 1405 .
267 1371 388 1404 Doctor
412 1372 516 1403 clarus
541 1371 598 1403 sed
614 1372 680 1403 vita
697 1372 820 1411 clarior,

267 1419 357 1451 Auro
381 1419 479 1450 multo
504 1417 542 1450 fit
564 1419 734 1457 pretiosior

317 1465 406 1497 Stola
432 1466 572 1506 duplata.

234 1558 240 1565 .
265 1531 455 1571 Exemplum
480 1530 541 1563 fuit
563 1530 699 1563 subditis

269 1579 439 1612 Retractus
464 1578 503 1610 ab
528 1578 650 1611 illicitis

315 1626 448 1658 Praesul
472 1629 505 1657 et
528 1624 632 1658 forma
655 1627 768 1666 gregis,

210 1714 241 1726 ..
268 1693 330 1726 Pro
356 1701 451 1732 grege
471 1695 582 1731 pastor
605 1692 748 1734 moritur,

267 1740 363 1779 Cujus
388 1742 490 1771 morte
516 1737 698 1771 defenditur

313 1787 399 1819 Grex
423 1796 443 1818 a
466 1789 569 1819 morte
590 1787 737 1819 secunda.

404 1871 612 1908 Responsoria.

233 1957 241 1964 .
266 1931 363 1964 Latet
386 1939 517 1970 granum

313 1985 476 2017 opressum
501 1977 604 2016 palea,

265 2026 375 2058 Justus
400 2033 508 2055 caesus

314 2081 483 2112 pravorum
509 2070 640 2110 framea,

268 2120 398 2154 Goelum
425 2119 517 2151 domo

316 2168 511 2200 commutans
536 2166 632 2207 lutea,

227 2243 235 2250 .
268 2214 362 2249 Cadit
387 2216 492 2246 custos

315 2262 389 2295 vitis
413 2261 447 2293 in
472 2261 574 2302 vinea,

266 2311 341 2344 Dux
365 2310 399 2341 in
421 2309 543 2351 castris,

316 2358 420 2390 cultor
444 2357 479 2388 in
500 2364 587 2389 area.

888 196 920 227 2.
944 194 1038 227 Nunc
1061 194 1164 235 fulges
1188 196 1271 227 stola
1293 196 1379 227 trina

946 243 1048 274 Velox
1073 251 1190 283 cursor,

946 290 1006 328 Qui
1029 290 1202 330 percepisti
1227 289 1377 333 bravium,

947 337 996 368 Tu
1020 337 1113 369 stella
1135 338 1300 378 matutina,

947 384 996 415 Tu
1019 392 1111 416 rosae
1134 382 1192 416 flos
1216 384 1342 427 rubeus,

947 431 996 463 Tu
1020 439 1156 463 vernans
1180 431 1301 471 lilium3

876 478 915 509 V.
946 478 999 509 Ad
1024 478 1238 518 adjuvandum
1262 488 1318 510 nos
1344 477 1467 520 festina,

948 525 994 557 Te
1019 533 1214 566 quaesumus,

948 572 998 603 Sis
1022 572 1113 605 nobis
1136 573 1168 604 in
1194 573 1355 606 auxilium.

890 649 920 680 3.
947 648 972 680 O
997 648 1173 687 triumphus
1200 649 1360 689 ecclesiae,

947 694 1069 735 Dignus
1093 695 1196 727 laudis
1221 695 1399 737 praeconio⁷

947 742 1114 774 Proteetus
1137 743 1234 774 armis
1258 744 1379 783 gratiae

949 789 1090 821 Palmam
1114 788 1215 820 refert
1240 791 1279 822 de
1303 789 1435 829 proelio,

947 836 1030 867 Dum
1056 837 1220 869 decertans
1245 837 1277 868 in
1303 838 1372 869 acie

946 882 1039 915 Claro
1064 883 1165 923 fulget
1186 885 1350 924 martyrio.

879 930 916 961 V.
948 930 972 962 O
999 930 1138 962 virtuosa
1163 931 1273 973 deitas,

949 976 973 1008 O
998 977 1129 1017 pelagus
1155 978 1347 1018 clementiae,

951 1023 1016 1061 Quo
1039 1022 1199 1055 confertur
1222 1026 1393 1056 strenuitas

952 1069 1150 1102 Christianae
1173 1072 1314 1104 militiae.

1043 1213 1086 1245 In
1110 1211 1343 1246 Laudibus.

1091 1296 1285 1331 Antiphonae.

892 1364 923 1396 1.
947 1363 1073 1396 Laudes
1101 1364 1247 1395 decantet
1271 1365 1405 1405 martyri

995 1411 1121 1443 Devota
1142 1411 1233 1450 plebs
1257 1410 1408 1453 fidelium,

949 1459 1120 1490 Fermento
1144 1458 1237 1497 pulso
1262 1461 1363 1491 veteri

996 1505 1044 1537 Sit
1066 1504 1157 1537 nobis
1182 1505 1215 1536 in
1239 1506 1390 1538 auxilium

1040 1552 1086 1584 Et
1110 1552 1245 1591 elipeum
1270 1554 1435 1589 salutis.

893 1630 924 1660 2.
952 1627 1116 1660 Salutis
1140 1636 1217 1659 vera
1241 1629 1362 1673 semita,

995 1676 1059 1708 Per
1080 1678 1114 1706 te
1135 1675 1227 1707 nobis
1252 1679 1387 1716 ostensa,

949 1722 999 1754 Sit
1022 1723 1157 1755 veritate
1181 1723 1307 1762 cognita

996 1770 1184 1803 Coelotenus
1207 1774 1368 1814 protensa‚

1043 1819 1110 1858 Quo
1122 1826 1290 1858 pergamus
1304 1819 1501 1851 alacriter.

893 1896 925 1928 3.
950 1893 1174 1926 Alacriter
1197 1903 1281 1925 nunc
1306 1894 1444 1926 canimus

997 1941 1178 1974 Laudantes
1202 1940 1408 1982 Salvatorem,

948 1990 1012 2022 Per
1035 1997 1127 2029 quem
1151 1988 1269 2020 salvari
1292 1990 1428 2028 petimus

997 2037 1043 2069 Ut
1066 2043 1125 2076 per
1148 2035 1234 2067 vitae
1259 2036 1401 2068 datorem

1046 2083 1092 2116 Et
1102 2085 1282 2114 sanctorum
1297 2082 1504 2124 suffragio.

893 2162 926 2195 4.
953 2158 1177 2198 Suffragio
1202 2158 1328 2191 Leontii

998 2207 1100 2240 Nobis
1123 2206 1222 2237 vit-am
1247 2207 1393 2250 concede,

952 2256 1086 2288 Cursum
1110 2253 1203 2292 hujus
1228 2254 1332 2286 exsilii

997 2303 1153 2336 Lustrans
1179 2301 1219 2332 de
1241 2304 1297 2333 tua
1320 2302 1406 2343 sede,

1045 2348 1190 2384 Tuluxb
1201 2352 1297 2382 eata
1311 2350 1400 2382 trin
1410 2351 1506 2385 itae.
