1650 2587
675 90 904 125 ,(54-

275 186 320 217 In
347 185 377 218 1.
403 186 632 218 Nocturno.

354 249 548 286 Antiphonae.

179 332 186 338 .
214 307 272 338 Vir
296 306 377 337 bene
399 306 558 347 fundatus,

255 354 288 384 in
314 353 384 391 lege
408 353 469 384 Dei
492 352 674 393 meditatus,

213 399 346 438 Lignum
372 397 568 430 fructiferum

261 445 446 477 conscendit
468 445 510 476 ad
532 444 633 476 ardua
649 451 765 476 rerum.

156 503 188 535 2.
213 502 326 533 Ardua
350 504 432 541 sunt,
459 501 554 532 celeri

263 547 420 580 Christum
446 555 591 579 sermone
614 544 709 578 fateri

214 595 256 628 Et
278 595 350 634 plus
375 603 468 635 quam
492 596 600 635 gentes

261 643 344 674 hunc
368 640 542 674 formidare
566 639 748 672 frementes.

157 704 187 735 3,
215 699 281 741 Vir,
309 698 359 729 cui
383 700 547 738 susceptor

257 745 409 778 Dominus
433 744 479 785 fit,
514 744 624 784 gloria,
651 745 767 782 rector,

214 793 359 832 Despicit
379 792 478 824 iratos

263 839 452 871 tribulantes
476 838 712 878 multiplicatos.

357 904 561 938 Responsoria.

161 965 191 995 1.
219 962 295 994 Cum
320 961 453 993 Domino
480 969 585 991 carum

265 1017 362 1047 genus
387 1008 462 1040 olim
485 1005 744 1040 Christicolarum

219 1054 372 1093 Sacrilegi
396 1062 485 1093 reges

266 1101 308 1132 ad
331 1099 454 1139 iniquas
479 1106 590 1137 cogere
613 1098 698 1137 leges

218 1147 388 1185 Arderent,
416 1145 528 1177 caedes

266 1192 389 1231 excepit
415 1191 539 1223 Gallica
560 1190 669 1232 sedes3

150 1241 188 1273 V.
218 1239 307 1270 Haec
331 1241 531 1277 peccatorum

267 1286 319 1317 via
343 1285 565 1323 consiliumque
589 1283 752 1315 malorum.

164 1344 195 1374 2.
223 1341 385 1380 Crispinus
409 1348 537 1380 praeses

268 1387 372 1426 coepit
394 1388 530 1418 lustrare
555 1386 717 1424 Viennam,

221 1434 343 1466 Sanctis
368 1436 523 1465 tormenta

276 1481 453 1520 ·ibimetque
482 1479 624 1519 parando
657 1478 769 1518 gehen-

543 1535 625 1559 nam.

153 1577 189 1608 X.
219 1575 320 1614 Reges
340 1574 502 1612 jusserunt

266 1622 322 1660 ita,
349 1622 400 1659 qui
427 1620 547 1652 frustra
563 1617 766 1650 fremuerunt.

164 1680 195 1710 3.
221 1677 301 1708 Dum
327 1677 497 1717 plerosque
521 1675 600 1707 mori

268 1722 346 1755 facit
368 1723 572 1762 indulgetque
597 1720 709 1761 furori,

221 1771 388 1802 Ferreolus
415 1770 533 1802 Christi

270 1817 414 1856 Crispino
439 1817 586 1857 proditur
609 1816 674 1856 isti,

221 1865 324 1896 Extra
346 1873 418 1905 non,
444 1865 528 1895 intus

265 1911 365 1951 gladii
389 1911 558 1943 munimine
583 1910 719 1951 cinctus;

152 1958 188 1990 V.
218 1960 307 1991 Intus
332 1962 401 1989 erat
425 1958 567 1991 Christus

269 2009 440 2044 susceptor,
466 2005 575 2044 gloria,
605 2004 713 2035 virtus.

284 2091 327 2122 In
354 2091 386 2124 2.
411 2090 600 2122 Nocturn
611 2098 638 2122 ο.

361 2154 553 2189 AntIphonae.

167 2216 197 2248 1.
225 2212 392 2245 Ferreolus
417 2211 514 2244 fultus

270 2259 368 2290 divini
392 2259 509 2290 lumine
533 2259 637 2290 vultus

224 2307 322 2339 Sacra
345 2304 412 2337 Deo
439 2314 512 2336 cara

269 2351 374 2384 cordis
397 2352 548 2383 mactavit
569 2352 601 2382 in
626 2360 692 2385 ara.

832 187 863 217 2.
889 185 994 225 Larga
1018 185 1185 217 voluntatis

938 231 1063 263 divinae
1085 230 1241 270 praestita
1266 228 1348 260 dona

889 278 1040 310 Ferreolo
1061 280 1184 309 scutum

937 324 1036 364 prius,
1061 324 1137 355 inde
1161 321 1250 354 fuere
1275 328 1392 352 corona

834 382 866 413 3.
890 380 1057 411 Mirandus
1080 379 1244 416 DominuS,

939 426 993 465 qui
1016 434 1107 457 servo
1131 425 1220 464 regia
1245 422 1343 454 donat

893 472 1084 504 ornamenta
1106 480 1172 512 suo,

940 526 1030 557 quem
1057 517 1157 557 gloria
1178 517 1339 554 honorque
1357 521 1444 544 coro-

1218 562 1283 593 nat.

1035 637 1240 672 Responsoria.

840 697 868 729 1.
895 695 1057 729 Praesidis
1080 693 1213 734 imperio

941 745 1077 774 tortores
1101 741 1178 773 inde
1198 740 1325 772 beatum

897 789 1030 822 Carcerc
1053 788 1238 821 Ferreolum

955 836 1041 868 ferro
1067 835 1218 867 claudunt
1241 836 1414 873 oneratum,

826 884 861 916 V.
893 883 956 916 Sed
972 884 1059 915 Deus
1081 881 1222 921 intravit,

941 930 993 969 qui
1019 931 1159 960 sanctum
1184 925 1374 961 mirificavit.

837 989 869 1019 2.
894 986 941 1018 Ut
963 985 1059 1025 biduo
1084 983 1168 1015 facto

940 1031 1086 1063 tenebras
1111 1039 1224 1062 aurora
1248 1029 1390 1068 removit,

895 1078 1028 1110 Sanctus
1055 1079 1124 1109 erat
1146 1076 1228 1108 liber

941 1124 1141 1163 resolutaque
1164 1123 1290 1155 vincula
1313 1124 1411 1164 novit,

823 1171 861 1205 V.
891 1172 988 1203 Mane
1013 1171 1122 1202 videns
1145 1170 1266 1211 recolit,

941 1218 1023 1257 quod
1046 1225 1103 1248 rex
1126 1217 1211 1248 Deus
1235 1216 1333 1256 impia
1356 1217 1447 1248 nolit.

837 1276 868 1308 3.
892 1274 976 1306 Dum
1002 1277 1105 1305 custos
1131 1273 1248 1304 dormit

941 1321 983 1352 ad
1009 1320 1143 1352 carceris
1169 1320 1251 1352 ostia
1273 1319 1368 1359 lente,

896 1368 953 1400 Vir
971 1376 1061 1399 sacer
1086 1366 1210 1398 accedit

941 1414 1098 1454 sentitque
1121 1416 1231 1453 patere
1256 1415 1396 1453 repente‚

896 1461 1045 1501 Disponit
1068 1459 1178 1500 fugere

943 1510 1101 1547 scriptura
1124 1506 1350 1547 praecipiente,

825 1554 865 1587 V.
896 1554 971 1586 Cum
996 1554 1124 1585 Domini
1149 1554 1261 1593 cuique

943 1601 1087 1633 mirabile
1111 1609 1232 1632 nomen.
1247 1600 1372 1641 ubique.

959 1695 1004 1726 In
1031 1696 1062 1727 3.
1088 1694 1312 1727 Nocturno.

1036 1759 1231 1795 Anfiphonae.

840 1818 872 1850 1.
899 1818 956 1850 Vir
981 1820 1072 1849 cavet
1094 1817 1128 1848 in
1152 1817 1287 1850 Domino

943 1864 1114 1900 confidens,
1140 1873 1179 1896 ne
1204 1865 1265 1895 sibi
1290 1866 1419 1897 mittant

898 1910 1056 1944 Perfidiae
1079 1913 1176 1952 virus,

946 1959 999 1998 qui
1018 1962 1121 1991 rectos
1147 1959 1243 1990 corde
1267 1960 1428 1999 sagittant.

840 2017 872 2047 2.
899 2016 965 2057 Vir,
991 2015 1043 2055 qui
1064 2016 1150 2054 justa
1175 2014 1254 2046 facit

942 2063 1163 2102 maculosaque
1187 2061 1318 2093 crimina
1334 2061 1446 2100 nescit,

896 2110 990 2141 Atria
1013 2112 1122 2140 sancta
1146 2112 1256 2148 petens

942 2157 972 2187 in
1000 2159 1108 2187 sancto
1132 2158 1239 2187 monte
1263 2154 1405 2195 quiescit.

840 2212 870 2244 3.
897 2213 926 2243 A
952 2212 1086 2244 Domino
1109 2213 1207 2244 vitam

943 2259 1045 2298 petiit,
1071 2259 1245 2297 tribuitque
1268 2258 1412 2299 petitam,

901 2305 988 2337 Dans
1012 2306 1118 2337 lumen
1144 2314 1250 2336 verum

947 2360 1006 2391 per
1030 2352 1156 2383 saecula
1178 2352 1272 2390 longa
1297 2351 1428 2384 dierum.
