<?xml version="1.0" encoding="UTF-8"?>
<!DOCTYPE html PUBLIC "-//W3C//DTD XHTML 1.0 Transitional//EN"
    "http://www.w3.org/TR/xhtml1/DTD/xhtml1-transitional.dtd">
<html xmlns="http://www.w3.org/1999/xhtml" xml:lang="en" lang="en">
 <head>
  <title>
</title>
<meta http-equiv="Content-Type" content="text/html;charset=utf-8" />
  <meta name='ocr-system' content='tesseract 3.04.00' />
  <meta name='ocr-capabilities' content='ocr_page ocr_carea ocr_par ocr_line ocrx_word'/>
</head>
<body>
  <div class='ocr_page' id='page_1' title='image "./analectahymnica18drevuoft_00099.png"; bbox 0 0 1650 2587; ppageno 0'>
   <div class='ocr_carea' id='block_1_1' title="bbox 682 85 915 119">
    <p class='ocr_par' dir='ltr' id='par_1_1' title="bbox 682 85 915 119">
     <span class='ocr_line' id='line_1_1' title="bbox 682 85 915 119; baseline 0 -10"><span class='ocrx_word' id='word_1_1' title='bbox 682 85 915 119; x_wconf 76' lang='grc'>..96-</span> 
     </span>
    </p>
   </div>
   <div class='ocr_carea' id='block_1_2' title="bbox 157 179 777 650">
    <p class='ocr_par' dir='ltr' id='par_1_2' title="bbox 157 179 777 650">
     <span class='ocr_line' id='line_1_2' title="bbox 157 179 663 220; baseline -0.002 -10"><span class='ocrx_word' id='word_1_2' title='bbox 157 181 194 213; x_wconf 85' lang='lat' dir='ltr'><strong>V.</strong></span> <span class='ocrx_word' id='word_1_3' title='bbox 225 180 339 212; x_wconf 84' lang='lat' dir='ltr'><strong>Mundi</strong></span> <span class='ocrx_word' id='word_1_4' title='bbox 362 179 436 220; x_wconf 80' lang='lat' dir='ltr'><strong>fuga</strong></span> <span class='ocrx_word' id='word_1_5' title='bbox 461 179 663 215; x_wconf 85' lang='lat' dir='ltr'><strong>scaenolenti,</strong></span> 
     </span>
     <span class='ocr_line' id='line_1_3' title="bbox 227 226 592 268; baseline -0.005 -9"><span class='ocrx_word' id='word_1_6' title='bbox 227 227 392 268; x_wconf 85' lang='lat' dir='ltr'><strong>Regularis</strong></span> <span class='ocrx_word' id='word_1_7' title='bbox 416 226 592 259; x_wconf 75' lang='lat' dir='ltr'>indumenti</span> 
     </span>
     <span class='ocr_line' id='line_1_4' title="bbox 275 272 634 313; baseline 0 -7"><span class='ocrx_word' id='word_1_8' title='bbox 275 274 429 306; x_wconf 82' lang='lat' dir='ltr'><strong>Solemnis</strong></span> <span class='ocrx_word' id='word_1_9' title='bbox 454 272 634 313; x_wconf 83' lang='lat' dir='ltr'><strong>assumptio.</strong></span> 
     </span>
     <span class='ocr_line' id='line_1_5' title="bbox 170 330 664 369; baseline -0.01 -5"><span class='ocrx_word' id='word_1_10' title='bbox 170 333 201 364; x_wconf 86' lang='lat'><strong>2.</strong></span> <span class='ocrx_word' id='word_1_11' title='bbox 228 330 320 362; x_wconf 80' lang='lat' dir='ltr'>Vitae</span> <span class='ocrx_word' id='word_1_12' title='bbox 343 332 470 363; x_wconf 81' lang='lat' dir='ltr'><strong>sanctae</strong></span> <span class='ocrx_word' id='word_1_13' title='bbox 494 330 664 369; x_wconf 88' lang='lat' dir='ltr'><strong>speculum,</strong></span> 
     </span>
     <span class='ocr_line' id='line_1_6' title="bbox 274 377 540 417; baseline -0.008 -7"><span class='ocrx_word' id='word_1_14' title='bbox 274 378 344 410; x_wconf 79' lang='lat' dir='ltr'><strong>Lux</strong></span> <span class='ocrx_word' id='word_1_15' title='bbox 368 377 540 417; x_wconf 80' lang='lat' dir='ltr'>religionis,</span> 
     </span>
     <span class='ocr_line' id='line_1_7' title="bbox 227 422 715 465; baseline -0.008 -9"><span class='ocrx_word' id='word_1_16' title='bbox 227 425 288 456; x_wconf 88' lang='lat' dir='ltr'><strong>Est</strong></span> <span class='ocrx_word' id='word_1_17' title='bbox 312 424 468 465; x_wconf 81' lang='lat' dir='ltr'><strong>saphyrus</strong></span> <span class='ocrx_word' id='word_1_18' title='bbox 493 426 584 463; x_wconf 81' lang='lat' dir='ltr'><strong>pater</strong></span> <span class='ocrx_word' id='word_1_19' title='bbox 608 422 715 460; x_wconf 87' lang='lat' dir='ltr'><strong>mirus,</strong></span> 
     </span>
     <span class='ocr_line' id='line_1_8' title="bbox 227 470 641 503; baseline -0.005 0"><span class='ocrx_word' id='word_1_20' title='bbox 227 471 315 503; x_wconf 89' lang='lat' dir='ltr'><strong>Dans</strong></span> <span class='ocrx_word' id='word_1_21' title='bbox 337 471 431 503; x_wconf 89' lang='lat' dir='ltr'><strong>terris</strong></span> <span class='ocrx_word' id='word_1_22' title='bbox 456 470 641 502; x_wconf 75' lang='lat' dir='ltr'><strong>miraculum</strong></span> 
     </span>
     <span class='ocr_line' id='line_1_9' title="bbox 276 518 541 556; baseline -0.008 -6"><span class='ocrx_word' id='word_1_23' title='bbox 276 518 541 556; x_wconf 79' lang='lat' dir='ltr'><strong>conversationis,</strong></span> 
     </span>
     <span class='ocr_line' id='line_1_10' title="bbox 159 564 777 597; baseline -0.008 0"><span class='ocrx_word' id='word_1_24' title='bbox 159 565 196 596; x_wconf 89' lang='lat' dir='ltr'><strong>V.</strong></span> <span class='ocrx_word' id='word_1_25' title='bbox 228 565 282 597; x_wconf 88' lang='lat' dir='ltr'><strong>Sic</strong></span> <span class='ocrx_word' id='word_1_26' title='bbox 305 564 531 597; x_wconf 89' lang='lat' dir='ltr'><strong>transcendens</strong></span> <span class='ocrx_word' id='word_1_27' title='bbox 556 571 647 594; x_wconf 89' lang='lat' dir='ltr'><strong>omne</strong></span> <span class='ocrx_word' id='word_1_28' title='bbox 671 566 777 593; x_wconf 87' lang='lat' dir='ltr'><strong>votum</strong></span> 
     </span>
     <span class='ocr_line' id='line_1_11' title="bbox 228 610 712 650; baseline 0 -7"><span class='ocrx_word' id='word_1_29' title='bbox 228 612 269 643; x_wconf 90' lang='lat' dir='ltr'><strong>Se</strong></span> <span class='ocrx_word' id='word_1_30' title='bbox 293 613 325 643; x_wconf 88' lang='lat' dir='ltr'><strong>in</strong></span> <span class='ocrx_word' id='word_1_31' title='bbox 351 612 470 643; x_wconf 89' lang='lat' dir='ltr'><strong>coelum</strong></span> <span class='ocrx_word' id='word_1_32' title='bbox 494 610 579 650; x_wconf 85' lang='lat' dir='ltr'>rapit</span> <span class='ocrx_word' id='word_1_33' title='bbox 603 612 712 643; x_wconf 82' lang='lat' dir='ltr'><strong>totum.</strong></span> 
     </span>
    </p>
   </div>
   <div class='ocr_carea' id='block_1_3' title="bbox 159 666 668 986">
    <p class='ocr_par' dir='ltr' id='par_1_3' title="bbox 159 666 668 986">
     <span class='ocr_line' id='line_1_12' title="bbox 170 666 667 707; baseline -0.008 -7"><span class='ocrx_word' id='word_1_34' title='bbox 170 669 201 700; x_wconf 83' lang='lat'><strong>3.</strong></span> <span class='ocrx_word' id='word_1_35' title='bbox 228 669 292 701; x_wconf 85' lang='lat' dir='ltr'><strong>Vas</strong></span> <span class='ocrx_word' id='word_1_36' title='bbox 318 669 450 699; x_wconf 89' lang='lat' dir='ltr'><strong>electum</strong></span> <span class='ocrx_word' id='word_1_37' title='bbox 475 667 525 698; x_wconf 85' lang='lat' dir='ltr'><strong>vir</strong></span> <span class='ocrx_word' id='word_1_38' title='bbox 548 666 667 707; x_wconf 85' lang='lat' dir='ltr'><strong>beatus,</strong></span> 
     </span>
     <span class='ocr_line' id='line_1_13' title="bbox 270 713 668 752; baseline -0.01 -5"><span class='ocrx_word' id='word_1_39' title='bbox 270 715 419 747; x_wconf 86' lang='lat' dir='ltr'><strong>Fratrum</strong></span> <span class='ocrx_word' id='word_1_40' title='bbox 442 713 501 745; x_wconf 86' lang='lat' dir='ltr'><strong>flos</strong></span> <span class='ocrx_word' id='word_1_41' title='bbox 527 713 668 752; x_wconf 83' lang='lat' dir='ltr'><strong>eximius,</strong></span> 
     </span>
     <span class='ocr_line' id='line_1_14' title="bbox 227 760 626 793; baseline -0.008 0"><span class='ocrx_word' id='word_1_42' title='bbox 227 761 312 793; x_wconf 90' lang='lat' dir='ltr'><strong>Loco</strong></span> <span class='ocrx_word' id='word_1_43' title='bbox 338 761 418 793; x_wconf 89' lang='lat' dir='ltr'><strong>coeli</strong></span> <span class='ocrx_word' id='word_1_44' title='bbox 441 760 626 792; x_wconf 76' lang='lat' dir='ltr'><strong>sublimatus</strong></span> 
     </span>
     <span class='ocr_line' id='line_1_15' title="bbox 225 808 426 849; baseline 0 -10"><span class='ocrx_word' id='word_1_45' title='bbox 225 808 293 840; x_wconf 91' lang='lat' dir='ltr'><strong>Deo</strong></span> <span class='ocrx_word' id='word_1_46' title='bbox 318 811 426 849; x_wconf 84' lang='lat' dir='ltr'><strong>gratus</strong></span> 
     </span>
     <span class='ocr_line' id='line_1_16' title="bbox 274 854 624 895; baseline 0 -10"><span class='ocrx_word' id='word_1_47' title='bbox 274 854 390 894; x_wconf 80' lang='lat' dir='ltr'><strong>Fulget</strong></span> <span class='ocrx_word' id='word_1_48' title='bbox 414 854 624 895; x_wconf 78' lang='lat' dir='ltr'><strong>calcedonius,</strong></span> 
     </span>
     <span class='ocr_line' id='line_1_17' title="bbox 159 901 595 932; baseline 0.002 -1"><span class='ocrx_word' id='word_1_49' title='bbox 159 901 192 931; x_wconf 67' lang='lat' dir='ltr'><strong>V.</strong></span> <span class='ocrx_word' id='word_1_50' title='bbox 227 901 357 931; x_wconf 80' lang='lat' dir='ltr'><strong>Amicus</strong></span> <span class='ocrx_word' id='word_1_51' title='bbox 382 901 444 932; x_wconf 92' lang='lat' dir='ltr'><strong>Dei</strong></span> <span class='ocrx_word' id='word_1_52' title='bbox 467 904 595 932; x_wconf 85' lang='lat' dir='ltr'><strong>vocatus</strong></span> 
     </span>
     <span class='ocr_line' id='line_1_18' title="bbox 274 948 606 986; baseline 0.003 -9"><span class='ocrx_word' id='word_1_53' title='bbox 274 948 430 979; x_wconf 83' lang='lat' dir='ltr'><strong>Ascendit</strong></span> <span class='ocrx_word' id='word_1_54' title='bbox 453 948 606 986; x_wconf 81' lang='lat' dir='ltr'><strong>superius,</strong></span> 
     </span>
    </p>
   </div>
   <div class='ocr_carea' id='block_1_4' title="bbox 289 1058 646 1154">
    <p class='ocr_par' dir='ltr' id='par_1_4' title="bbox 289 1058 646 1154">
     <span class='ocr_line' id='line_1_19' title="bbox 289 1058 646 1091; baseline 0.003 -2"><span class='ocrx_word' id='word_1_55' title='bbox 289 1059 334 1089; x_wconf 87' lang='lat' dir='ltr'><strong>In</strong></span> <span class='ocrx_word' id='word_1_56' title='bbox 361 1060 391 1090; x_wconf 84' lang='lat'><strong>2.</strong></span> <span class='ocrx_word' id='word_1_57' title='bbox 418 1058 646 1091; x_wconf 78' lang='lat' dir='ltr'><strong>Nooturno.</strong></span> 
     </span>
     <span class='ocr_line' id='line_1_20' title="bbox 365 1120 559 1154; baseline 0 -7"><span class='ocrx_word' id='word_1_58' title='bbox 365 1120 559 1154; x_wconf 84' lang='lat' dir='ltr'><strong>Antiphonae.</strong></span> 
     </span>
    </p>
   </div>
   <div class='ocr_carea' id='block_1_5' title="bbox 170 1176 615 1350">
    <p class='ocr_par' dir='ltr' id='par_1_5' title="bbox 170 1176 615 1350">
     <span class='ocr_line' id='line_1_21' title="bbox 170 1176 615 1217; baseline -0.002 -8"><span class='ocrx_word' id='word_1_59' title='bbox 170 1178 200 1210; x_wconf 89' lang='lat'><strong>1.</strong></span> <span class='ocrx_word' id='word_1_60' title='bbox 227 1176 303 1208; x_wconf 84' lang='lat' dir='ltr'><strong>Cum</strong></span> <span class='ocrx_word' id='word_1_61' title='bbox 323 1178 451 1209; x_wconf 84' lang='lat' dir='ltr'><strong>invocat</strong></span> <span class='ocrx_word' id='word_1_62' title='bbox 475 1178 615 1217; x_wconf 88' lang='lat' dir='ltr'><strong>coelitus,</strong></span> 
     </span>
     <span class='ocr_line' id='line_1_22' title="bbox 272 1223 584 1266; baseline 0 -12"><span class='ocrx_word' id='word_1_63' title='bbox 272 1223 381 1255; x_wconf 85' lang='lat' dir='ltr'><strong>Justus</strong></span> <span class='ocrx_word' id='word_1_64' title='bbox 406 1224 584 1266; x_wconf 81' lang='lat' dir='ltr'><strong>exauditur,</strong></span> 
     </span>
     <span class='ocr_line' id='line_1_23' title="bbox 221 1270 562 1310; baseline -0.003 -8"><span class='ocrx_word' id='word_1_65' title='bbox 221 1270 376 1302; x_wconf 85' lang='lat' dir='ltr'><strong>Procellis</strong></span> <span class='ocrx_word' id='word_1_66' title='bbox 402 1271 562 1310; x_wconf 80' lang='lat' dir='ltr'><strong>expositus</strong></span> 
     </span>
     <span class='ocr_line' id='line_1_24' title="bbox 270 1317 550 1350; baseline 0.004 -2"><span class='ocrx_word' id='word_1_67' title='bbox 270 1317 355 1349; x_wconf 87' lang='lat' dir='ltr'><strong>Pace</strong></span> <span class='ocrx_word' id='word_1_68' title='bbox 379 1317 550 1350; x_wconf 86' lang='lat' dir='ltr'><strong>stabilitur.</strong></span> 
     </span>
    </p>
   </div>
   <div class='ocr_carea' id='block_1_6' title="bbox 166 1373 681 1548">
    <p class='ocr_par' dir='ltr' id='par_1_6' title="bbox 166 1373 681 1548">
     <span class='ocr_line' id='line_1_25' title="bbox 166 1373 578 1413; baseline 0 -8"><span class='ocrx_word' id='word_1_69' title='bbox 166 1375 197 1405; x_wconf 75' lang='lat'><strong>2.</strong></span> <span class='ocrx_word' id='word_1_70' title='bbox 226 1373 333 1405; x_wconf 87' lang='lat' dir='ltr'><strong>Verba</strong></span> <span class='ocrx_word' id='word_1_71' title='bbox 355 1374 445 1413; x_wconf 82' lang='lat' dir='ltr'><strong>pacis</strong></span> <span class='ocrx_word' id='word_1_72' title='bbox 472 1373 578 1405; x_wconf 89' lang='lat' dir='ltr'><strong>dulcia</strong></span> 
     </span>
     <span class='ocr_line' id='line_1_26' title="bbox 269 1420 681 1460; baseline -0.002 -7"><span class='ocrx_word' id='word_1_73' title='bbox 269 1422 411 1453; x_wconf 80' lang='lat' dir='ltr'><strong>Fervent</strong></span> <span class='ocrx_word' id='word_1_74' title='bbox 432 1420 505 1460; x_wconf 83' lang='lat' dir='ltr'><strong>igne</strong></span> <span class='ocrx_word' id='word_1_75' title='bbox 529 1420 681 1459; x_wconf 75' lang='lat' dir='ltr'><strong>caritatis,</strong></span> 
     </span>
     <span class='ocr_line' id='line_1_27' title="bbox 218 1468 552 1500; baseline 0 -1"><span class='ocrx_word' id='word_1_76' title='bbox 218 1468 388 1500; x_wconf 88' lang='lat' dir='ltr'><strong>Illustrant</strong></span> <span class='ocrx_word' id='word_1_77' title='bbox 412 1468 552 1499; x_wconf 82' lang='lat' dir='ltr'><strong>errantia</strong></span> 
     </span>
     <span class='ocr_line' id='line_1_28' title="bbox 272 1515 650 1548; baseline -0.005 0"><span class='ocrx_word' id='word_1_78' title='bbox 272 1515 377 1548; x_wconf 84' lang='lat' dir='ltr'><strong>Corda</strong></span> <span class='ocrx_word' id='word_1_79' title='bbox 401 1516 473 1547; x_wconf 91' lang='lat' dir='ltr'><strong>luce</strong></span> <span class='ocrx_word' id='word_1_80' title='bbox 496 1515 650 1548; x_wconf 83' lang='lat' dir='ltr'><strong>veritatis.</strong></span> 
     </span>
    </p>
   </div>
   <div class='ocr_carea' id='block_1_7' title="bbox 168 1572 716 1745">
    <p class='ocr_par' dir='ltr' id='par_1_7' title="bbox 168 1572 716 1745">
     <span class='ocr_line' id='line_1_29' title="bbox 168 1572 625 1612; baseline -0.004 -7"><span class='ocrx_word' id='word_1_81' title='bbox 168 1574 199 1605; x_wconf 85' lang='lat'><strong>3.</strong></span> <span class='ocrx_word' id='word_1_82' title='bbox 225 1572 370 1612; x_wconf 90' lang='lat' dir='ltr'><strong>Domine,</strong></span> <span class='ocrx_word' id='word_1_83' title='bbox 395 1572 449 1611; x_wconf 91' lang='lat' dir='ltr'><strong>qui</strong></span> <span class='ocrx_word' id='word_1_84' title='bbox 473 1580 512 1603; x_wconf 83' lang='lat' dir='ltr'><strong>ex</strong></span> <span class='ocrx_word' id='word_1_85' title='bbox 535 1581 625 1603; x_wconf 89' lang='lat' dir='ltr'><strong>more</strong></span> 
     </span>
     <span class='ocr_line' id='line_1_30' title="bbox 269 1619 687 1658; baseline -0.002 -8"><span class='ocrx_word' id='word_1_86' title='bbox 269 1619 317 1650; x_wconf 87' lang='lat' dir='ltr'><strong>Te</strong></span> <span class='ocrx_word' id='word_1_87' title='bbox 340 1619 541 1658; x_wconf 87' lang='lat' dir='ltr'><strong>praedicavit</strong></span> <span class='ocrx_word' id='word_1_88' title='bbox 563 1619 687 1658; x_wconf 86' lang='lat' dir='ltr'><strong>mirum,</strong></span> 
     </span>
     <span class='ocr_line' id='line_1_31' title="bbox 222 1665 532 1697; baseline -0.003 0"><span class='ocrx_word' id='word_1_89' title='bbox 222 1665 332 1697; x_wconf 79' lang='lat' dir='ltr'><strong>Gloria</strong></span> <span class='ocrx_word' id='word_1_90' title='bbox 357 1669 389 1697; x_wconf 90' lang='lat' dir='ltr'><strong>et</strong></span> <span class='ocrx_word' id='word_1_91' title='bbox 412 1666 532 1697; x_wconf 86' lang='lat' dir='ltr'><strong>honore</strong></span> 
     </span>
     <span class='ocr_line' id='line_1_32' title="bbox 272 1712 716 1745; baseline 0.002 -1"><span class='ocrx_word' id='word_1_92' title='bbox 272 1712 411 1744; x_wconf 81' lang='lat' dir='ltr'><strong>Coronas</strong></span> <span class='ocrx_word' id='word_1_93' title='bbox 436 1715 578 1744; x_wconf 88' lang='lat' dir='ltr'><strong>sanctum</strong></span> <span class='ocrx_word' id='word_1_94' title='bbox 604 1712 716 1745; x_wconf 85' lang='lat' dir='ltr'><strong>virum.</strong></span> 
     </span>
    </p>
   </div>
   <div class='ocr_carea' id='block_1_8' title="bbox 360 1796 566 1831">
    <p class='ocr_par' dir='ltr' id='par_1_8' title="bbox 360 1796 566 1831">
     <span class='ocr_line' id='line_1_33' title="bbox 360 1796 566 1831; baseline -0.01 -8"><span class='ocrx_word' id='word_1_95' title='bbox 360 1796 566 1831; x_wconf 85' lang='lat' dir='ltr'><strong>Responsoria.</strong></span> 
     </span>
    </p>
   </div>
   <div class='ocr_carea' id='block_1_9' title="bbox 148 1851 661 2351">
    <p class='ocr_par' dir='ltr' id='par_1_9' title="bbox 148 1851 661 2351">
     <span class='ocr_line' id='line_1_34' title="bbox 166 1851 645 1891; baseline 0 -8"><span class='ocrx_word' id='word_1_96' title='bbox 166 1852 196 1883; x_wconf 90' lang='lat'><strong>1.</strong></span> <span class='ocrx_word' id='word_1_97' title='bbox 224 1851 341 1889; x_wconf 77' lang='lat' dir='ltr'><strong>Quarto</strong></span> <span class='ocrx_word' id='word_1_98' title='bbox 366 1854 511 1891; x_wconf 85' lang='lat' dir='ltr'><strong>praestat</strong></span> <span class='ocrx_word' id='word_1_99' title='bbox 534 1852 645 1884; x_wconf 87' lang='lat' dir='ltr'><strong>ordine</strong></span> 
     </span>
     <span class='ocr_line' id='line_1_35' title="bbox 269 1897 647 1941; baseline 0.003 -12"><span class='ocrx_word' id='word_1_100' title='bbox 269 1897 461 1938; x_wconf 87' lang='lat' dir='ltr'><strong>Smaragdus</strong></span> <span class='ocrx_word' id='word_1_101' title='bbox 487 1899 647 1941; x_wconf 84' lang='lat' dir='ltr'><strong>victorem,</strong></span> 
     </span>
     <span class='ocr_line' id='line_1_36' title="bbox 221 1945 661 1985; baseline 0.005 -10"><span class='ocrx_word' id='word_1_102' title='bbox 221 1945 280 1976; x_wconf 84' lang='lat' dir='ltr'><strong>Vir</strong></span> <span class='ocrx_word' id='word_1_103' title='bbox 305 1948 432 1976; x_wconf 90' lang='lat' dir='ltr'><strong>sanctus</strong></span> <span class='ocrx_word' id='word_1_104' title='bbox 458 1954 497 1977; x_wconf 81' lang='lat' dir='ltr'><strong>ex</strong></span> <span class='ocrx_word' id='word_1_105' title='bbox 520 1946 661 1985; x_wconf 87' lang='lat' dir='ltr'><strong>germine</strong></span> 
     </span>
     <span class='ocr_line' id='line_1_37' title="bbox 267 1990 608 2032; baseline 0.009 -11"><span class='ocrx_word' id='word_1_106' title='bbox 267 1990 426 2022; x_wconf 84' lang='lat' dir='ltr'><strong>Virtutum</strong></span> <span class='ocrx_word' id='word_1_107' title='bbox 453 1993 608 2032; x_wconf 83' lang='lat' dir='ltr'><strong>decorem,</strong></span> 
     </span>
     <span class='ocr_line' id='line_1_38' title="bbox 219 2036 614 2069; baseline 0.008 -3"><span class='ocrx_word' id='word_1_108' title='bbox 219 2036 326 2068; x_wconf 80' lang='lat' dir='ltr'><strong>Bonae</strong></span> <span class='ocrx_word' id='word_1_109' title='bbox 350 2038 452 2069; x_wconf 88' lang='lat' dir='ltr'><strong>Vallis</strong></span> <span class='ocrx_word' id='word_1_110' title='bbox 478 2039 614 2069; x_wconf 88' lang='lat' dir='ltr'><strong>culmine</strong></span> 
     </span>
     <span class='ocr_line' id='line_1_39' title="bbox 267 2082 592 2126; baseline 0.009 -13"><span class='ocrx_word' id='word_1_111' title='bbox 267 2082 407 2114; x_wconf 80' lang='lat' dir='ltr'><strong>Pastoris</strong></span> <span class='ocrx_word' id='word_1_112' title='bbox 431 2085 592 2126; x_wconf 87' lang='lat' dir='ltr'><strong>honorem,</strong></span> 
     </span>
     <span class='ocr_line' id='line_1_40' title="bbox 221 2126 574 2168; baseline 0.014 -11"><span class='ocrx_word' id='word_1_113' title='bbox 221 2126 282 2158; x_wconf 89' lang='lat' dir='ltr'><strong>Suo</strong></span> <span class='ocrx_word' id='word_1_114' title='bbox 307 2137 432 2168; x_wconf 86' lang='lat' dir='ltr'><strong>gregem</strong></span> <span class='ocrx_word' id='word_1_115' title='bbox 456 2131 574 2162; x_wconf 88' lang='lat' dir='ltr'><strong>lumine</strong></span> 
     </span>
     <span class='ocr_line' id='line_1_41' title="bbox 267 2172 657 2216; baseline 0.015 -14"><span class='ocrx_word' id='word_1_116' title='bbox 267 2172 409 2206; x_wconf 88' lang='lat' dir='ltr'><strong>Trahens</strong></span> <span class='ocrx_word' id='word_1_117' title='bbox 434 2177 476 2208; x_wconf 86' lang='lat' dir='ltr'><strong>ad</strong></span> <span class='ocrx_word' id='word_1_118' title='bbox 500 2185 657 2216; x_wconf 80' lang='lat' dir='ltr'><strong>amorem3</strong></span> 
     </span>
     <span class='ocr_line' id='line_1_42' title="bbox 148 2216 620 2254; baseline 0.017 -8"><span class='ocrx_word' id='word_1_119' title='bbox 148 2216 185 2247; x_wconf 90' lang='lat' dir='ltr'><strong>V.</strong></span> <span class='ocrx_word' id='word_1_120' title='bbox 215 2217 332 2249; x_wconf 83' lang='lat' dir='ltr'><strong>Rectus</strong></span> <span class='ocrx_word' id='word_1_121' title='bbox 358 2229 426 2251; x_wconf 86' lang='lat' dir='ltr'><strong>cum</strong></span> <span class='ocrx_word' id='word_1_122' title='bbox 453 2223 620 2254; x_wconf 85' lang='lat' dir='ltr'><strong>dulcedine</strong></span> 
     </span>
     <span class='ocr_line' id='line_1_43' title="bbox 218 2262 590 2300; baseline 0.022 -8"><span class='ocrx_word' id='word_1_123' title='bbox 218 2262 286 2293; x_wconf 86' lang='lat' dir='ltr'><strong>Deo</strong></span> <span class='ocrx_word' id='word_1_124' title='bbox 311 2262 448 2297; x_wconf 86' lang='lat' dir='ltr'><strong>fructum</strong></span> <span class='ocrx_word' id='word_1_125' title='bbox 470 2269 590 2300; x_wconf 84' lang='lat' dir='ltr'><strong>semine</strong></span> 
     </span>
     <span class='ocr_line' id='line_1_44' title="bbox 264 2308 604 2351; baseline 0.021 -13"><span class='ocrx_word' id='word_1_126' title='bbox 264 2308 386 2341; x_wconf 85' lang='lat' dir='ltr'><strong>Reddit</strong></span> <span class='ocrx_word' id='word_1_127' title='bbox 409 2314 604 2351; x_wconf 86' lang='lat' dir='ltr'><strong>ampliorem.</strong></span> 
     </span>
    </p>
   </div>
   <div class='ocr_carea' id='block_1_10' title="bbox 834 179 1359 593">
    <p class='ocr_par' dir='ltr' id='par_1_10' title="bbox 834 179 1359 593">
     <span class='ocr_line' id='line_1_45' title="bbox 846 179 1302 219; baseline -0.002 -8"><span class='ocrx_word' id='word_1_128' title='bbox 846 181 877 211; x_wconf 88' lang='lat'><strong>2.</strong></span> <span class='ocrx_word' id='word_1_129' title='bbox 902 179 962 210; x_wconf 86' lang='lat' dir='ltr'><strong>Est</strong></span> <span class='ocrx_word' id='word_1_130' title='bbox 987 188 1110 219; x_wconf 79' lang='lat' dir='ltr'><strong>gemma</strong></span> <span class='ocrx_word' id='word_1_131' title='bbox 1133 180 1302 210; x_wconf 72' lang='lat' dir='ltr'><strong>sardonice</strong></span> 
     </span>
     <span class='ocr_line' id='line_1_46' title="bbox 951 225 1331 262; baseline -0.003 -6"><span class='ocrx_word' id='word_1_132' title='bbox 951 225 1169 257; x_wconf 81' lang='lat' dir='ltr'><strong>Admirandae</strong></span> <span class='ocrx_word' id='word_1_133' title='bbox 1194 225 1331 262; x_wconf 87' lang='lat' dir='ltr'><strong>virtutis,</strong></span> 
     </span>
     <span class='ocr_line' id='line_1_47' title="bbox 904 271 1288 311; baseline -0.005 -8"><span class='ocrx_word' id='word_1_134' title='bbox 904 272 1018 303; x_wconf 85' lang='lat' dir='ltr'><strong>Manus</strong></span> <span class='ocrx_word' id='word_1_135' title='bbox 1040 271 1141 311; x_wconf 86' lang='lat' dir='ltr'><strong>patris</strong></span> <span class='ocrx_word' id='word_1_136' title='bbox 1165 271 1288 302; x_wconf 80' lang='lat' dir='ltr'><strong>medica</strong></span> 
     </span>
     <span class='ocr_line' id='line_1_48' title="bbox 950 317 1301 356; baseline -0.009 -6"><span class='ocrx_word' id='word_1_137' title='bbox 950 318 1104 351; x_wconf 88' lang='lat' dir='ltr'><strong>Membris</strong></span> <span class='ocrx_word' id='word_1_138' title='bbox 1131 317 1301 356; x_wconf 88' lang='lat' dir='ltr'><strong>destitutis,</strong></span> 
     </span>
     <span class='ocr_line' id='line_1_49' title="bbox 903 364 1224 397; baseline -0.003 0"><span class='ocrx_word' id='word_1_139' title='bbox 903 366 941 397; x_wconf 88' lang='lat' dir='ltr'><strong>In</strong></span> <span class='ocrx_word' id='word_1_140' title='bbox 966 365 1085 397; x_wconf 88' lang='lat' dir='ltr'><strong>morbis</strong></span> <span class='ocrx_word' id='word_1_141' title='bbox 1112 364 1224 397; x_wconf 82' lang='lat' dir='ltr'><strong>deifica</strong></span> 
     </span>
     <span class='ocr_line' id='line_1_50' title="bbox 949 412 1246 451; baseline -0.003 -7"><span class='ocrx_word' id='word_1_142' title='bbox 949 412 1102 444; x_wconf 81' lang='lat' dir='ltr'><strong>Ministra</strong></span> <span class='ocrx_word' id='word_1_143' title='bbox 1125 412 1246 451; x_wconf 87' lang='lat' dir='ltr'><strong>salutis,</strong></span> 
     </span>
     <span class='ocr_line' id='line_1_51' title="bbox 834 459 1274 499; baseline 0 -9"><span class='ocrx_word' id='word_1_144' title='bbox 834 459 870 490; x_wconf 90' lang='lat' dir='ltr'><strong>V.</strong></span> <span class='ocrx_word' id='word_1_145' title='bbox 900 460 982 491; x_wconf 88' lang='lat' dir='ltr'><strong>Arte</strong></span> <span class='ocrx_word' id='word_1_146' title='bbox 1006 459 1129 499; x_wconf 87' lang='lat' dir='ltr'><strong>pollens</strong></span> <span class='ocrx_word' id='word_1_147' title='bbox 1155 459 1274 491; x_wconf 86' lang='lat' dir='ltr'><strong>coelica</strong></span> 
     </span>
     <span class='ocr_line' id='line_1_52' title="bbox 904 505 1247 546; baseline -0.003 -8"><span class='ocrx_word' id='word_1_148' title='bbox 904 507 1001 546; x_wconf 88' lang='lat' dir='ltr'><strong>Signa</strong></span> <span class='ocrx_word' id='word_1_149' title='bbox 1027 507 1081 538; x_wconf 90' lang='lat' dir='ltr'><strong>dat</strong></span> <span class='ocrx_word' id='word_1_150' title='bbox 1104 505 1247 538; x_wconf 86' lang='lat' dir='ltr'><strong>benefica</strong></span> 
     </span>
     <span class='ocr_line' id='line_1_53' title="bbox 954 553 1359 593; baseline -0.002 -8"><span class='ocrx_word' id='word_1_151' title='bbox 954 553 1092 593; x_wconf 79' lang='lat' dir='ltr'><strong>claudis,</strong></span> <span class='ocrx_word' id='word_1_152' title='bbox 1117 554 1229 593; x_wconf 87' lang='lat' dir='ltr'><strong>caecis,</strong></span> <span class='ocrx_word' id='word_1_153' title='bbox 1255 553 1359 584; x_wconf 87' lang='lat' dir='ltr'><strong>mutis.</strong></span> 
     </span>
    </p>
   </div>
   <div class='ocr_carea' id='block_1_11' title="bbox 833 619 1314 1128">
    <p class='ocr_par' dir='ltr' id='par_1_11' title="bbox 833 619 1314 1128">
     <span class='ocr_line' id='line_1_54' title="bbox 847 619 1221 651; baseline 0 0"><span class='ocrx_word' id='word_1_154' title='bbox 847 620 876 651; x_wconf 90' lang='lat'><strong>3.</strong></span> <span class='ocrx_word' id='word_1_155' title='bbox 905 619 1089 650; x_wconf 86' lang='lat' dir='ltr'><strong>Sanctitatis</strong></span> <span class='ocrx_word' id='word_1_156' title='bbox 1114 619 1221 651; x_wconf 90' lang='lat' dir='ltr'><strong>sardio</strong></span> 
     </span>
     <span class='ocr_line' id='line_1_55' title="bbox 951 666 1304 706; baseline 0 -9"><span class='ocrx_word' id='word_1_157' title='bbox 951 666 1074 706; x_wconf 82' lang='lat' dir='ltr'><strong>Lingua</strong></span> <span class='ocrx_word' id='word_1_158' title='bbox 1099 666 1304 706; x_wconf 80' lang='lat' dir='ltr'><strong>corruscavit,</strong></span> 
     </span>
     <span class='ocr_line' id='line_1_56' title="bbox 905 713 1197 749; baseline -0.007 -3"><span class='ocrx_word' id='word_1_159' title='bbox 905 714 1000 749; x_wconf 84' lang='lat' dir='ltr'><strong>Cujus</strong></span> <span class='ocrx_word' id='word_1_160' title='bbox 1025 713 1197 744; x_wconf 88' lang='lat' dir='ltr'><strong>ministerio</strong></span> 
     </span>
     <span class='ocr_line' id='line_1_57' title="bbox 951 759 1262 801; baseline 0 -10"><span class='ocrx_word' id='word_1_161' title='bbox 951 760 1046 792; x_wconf 60' lang='lat' dir='ltr'><strong>Vivos</strong></span> <span class='ocrx_word' id='word_1_162' title='bbox 1070 759 1262 801; x_wconf 84' lang='lat' dir='ltr'><strong>informavit,</strong></span> 
     </span>
     <span class='ocr_line' id='line_1_58' title="bbox 949 806 1293 846; baseline 0 -8"><span class='ocrx_word' id='word_1_163' title='bbox 949 806 1123 839; x_wconf 76' lang='lat' dir='ltr'><strong>Defunctos</strong></span> <span class='ocrx_word' id='word_1_164' title='bbox 1148 806 1293 846; x_wconf 71' lang='lat' dir='ltr'><strong>salvavit,</strong></span> 
     </span>
     <span class='ocr_line' id='line_1_59' title="bbox 902 854 1156 894; baseline -0.004 -8"><span class='ocrx_word' id='word_1_165' title='bbox 902 854 1034 886; x_wconf 87' lang='lat' dir='ltr'><strong>Solvens</strong></span> <span class='ocrx_word' id='word_1_166' title='bbox 1058 863 1156 894; x_wconf 86' lang='lat' dir='ltr'><strong>reum,</strong></span> 
     </span>
     <span class='ocr_line' id='line_1_60' title="bbox 903 901 1164 933; baseline 0 -1"><span class='ocrx_word' id='word_1_167' title='bbox 903 901 1037 933; x_wconf 86' lang='lat' dir='ltr'><strong>Placans</strong></span> <span class='ocrx_word' id='word_1_168' title='bbox 1062 901 1164 933; x_wconf 89' lang='lat' dir='ltr'><strong>Deum</strong></span> 
     </span>
     <span class='ocr_line' id='line_1_61' title="bbox 951 947 1275 988; baseline 0 -8"><span class='ocrx_word' id='word_1_169' title='bbox 951 947 1062 980; x_wconf 84' lang='lat' dir='ltr'><strong>Coelos</strong></span> <span class='ocrx_word' id='word_1_170' title='bbox 1086 949 1275 988; x_wconf 83' lang='lat' dir='ltr'><strong>penetravit.</strong></span> 
     </span>
     <span class='ocr_line' id='line_1_62' title="bbox 833 994 1314 1034; baseline 0 -9"><span class='ocrx_word' id='word_1_171' title='bbox 833 994 870 1025; x_wconf 90' lang='lat' dir='ltr'><strong>V.</strong></span> <span class='ocrx_word' id='word_1_172' title='bbox 901 994 992 1026; x_wconf 84' lang='lat' dir='ltr'><strong>Justo</strong></span> <span class='ocrx_word' id='word_1_173' title='bbox 1016 995 1150 1034; x_wconf 85' lang='lat' dir='ltr'><strong>palpans</strong></span> <span class='ocrx_word' id='word_1_174' title='bbox 1174 995 1314 1034; x_wconf 87' lang='lat' dir='ltr'><strong>praemio</strong></span> 
     </span>
     <span class='ocr_line' id='line_1_63' title="bbox 902 1040 1249 1082; baseline 0 -10"><span class='ocrx_word' id='word_1_175' title='bbox 902 1041 1018 1073; x_wconf 89' lang='lat' dir='ltr'><strong>Hostes</strong></span> <span class='ocrx_word' id='word_1_176' title='bbox 1044 1042 1119 1074; x_wconf 88' lang='lat' dir='ltr'><strong>Sion</strong></span> <span class='ocrx_word' id='word_1_177' title='bbox 1143 1040 1249 1082; x_wconf 85' lang='lat' dir='ltr'><strong>gladio</strong></span> 
     </span>
     <span class='ocr_line' id='line_1_64' title="bbox 951 1087 1243 1128; baseline 0.003 -9"><span class='ocrx_word' id='word_1_178' title='bbox 951 1087 1088 1126; x_wconf 87' lang='lat' dir='ltr'><strong>Spiritus</strong></span> <span class='ocrx_word' id='word_1_179' title='bbox 1115 1087 1243 1128; x_wconf 77' lang='lat' dir='ltr'><strong>fugavit.</strong></span> 
     </span>
    </p>
   </div>
   <div class='ocr_carea' id='block_1_12' title="bbox 962 1190 1321 1289">
    <p class='ocr_par' dir='ltr' id='par_1_12' title="bbox 962 1190 1321 1289">
     <span class='ocr_line' id='line_1_65' title="bbox 962 1190 1321 1224; baseline 0.006 -3"><span class='ocrx_word' id='word_1_180' title='bbox 962 1190 1010 1220; x_wconf 86' lang='lat' dir='ltr'><strong>In</strong></span> <span class='ocrx_word' id='word_1_181' title='bbox 1035 1192 1066 1222; x_wconf 87' lang='lat'><strong>3.</strong></span> <span class='ocrx_word' id='word_1_182' title='bbox 1089 1190 1282 1222; x_wconf 82' lang='lat' dir='ltr'><strong>Nocturn</strong></span> <span class='ocrx_word' id='word_1_183' title='bbox 1293 1199 1321 1224; x_wconf 89' lang='lat'><strong>0.</strong></span> 
     </span>
     <span class='ocr_line' id='line_1_66' title="bbox 1047 1254 1241 1289; baseline 0 -8"><span class='ocrx_word' id='word_1_184' title='bbox 1047 1254 1241 1289; x_wconf 84' lang='lat' dir='ltr'><strong>Antiphonae.</strong></span> 
     </span>
    </p>
   </div>
   <div class='ocr_carea' id='block_1_13' title="bbox 848 1310 1384 1531">
    <p class='ocr_par' dir='ltr' id='par_1_13' title="bbox 848 1310 1384 1531">
     <span class='ocr_line' id='line_1_67' title="bbox 848 1310 1354 1353; baseline 0 -11"><span class='ocrx_word' id='word_1_185' title='bbox 848 1312 878 1342; x_wconf 86' lang='lat'><strong>1.</strong></span> <span class='ocrx_word' id='word_1_186' title='bbox 906 1310 1050 1353; x_wconf 89' lang='lat' dir='ltr'><strong>Domine,</strong></span> <span class='ocrx_word' id='word_1_187' title='bbox 1076 1312 1128 1351; x_wconf 88' lang='lat' dir='ltr'><strong>qui</strong></span> <span class='ocrx_word' id='word_1_188' title='bbox 1153 1312 1206 1342; x_wconf 88' lang='lat' dir='ltr'><strong>hic</strong></span> <span class='ocrx_word' id='word_1_189' title='bbox 1229 1310 1354 1342; x_wconf 84' lang='lat' dir='ltr'><strong>habitas</strong></span> 
     </span>
     <span class='ocr_line' id='line_1_68' title="bbox 905 1358 1384 1397; baseline 0.002 -9"><span class='ocrx_word' id='word_1_190' title='bbox 905 1358 972 1388; x_wconf 83' lang='lat' dir='ltr'><strong>Aut</strong></span> <span class='ocrx_word' id='word_1_191' title='bbox 995 1358 1049 1397; x_wconf 85' lang='lat' dir='ltr'><strong>qui</strong></span> <span class='ocrx_word' id='word_1_192' title='bbox 1073 1358 1157 1389; x_wconf 89' lang='lat' dir='ltr'><strong>intus</strong></span> <span class='ocrx_word' id='word_1_193' title='bbox 1181 1367 1238 1389; x_wconf 88' lang='lat' dir='ltr'><strong>nos</strong></span> <span class='ocrx_word' id='word_1_194' title='bbox 1262 1358 1384 1397; x_wconf 81' lang='lat' dir='ltr'><strong>visitas,</strong></span> 
     </span>
     <span class='ocr_line' id='line_1_69' title="bbox 951 1404 1317 1445; baseline 0 -10"><span class='ocrx_word' id='word_1_195' title='bbox 951 1404 1021 1435; x_wconf 81' lang='lat' dir='ltr'><strong>Nisi</strong></span> <span class='ocrx_word' id='word_1_196' title='bbox 1046 1405 1152 1437; x_wconf 90' lang='lat' dir='ltr'><strong>Patris</strong></span> <span class='ocrx_word' id='word_1_197' title='bbox 1175 1405 1317 1445; x_wconf 85' lang='lat' dir='ltr'><strong>Hugonis</strong></span> 
     </span>
     <span class='ocr_line' id='line_1_70' title="bbox 902 1450 1356 1495; baseline 0.002 -13"><span class='ocrx_word' id='word_1_198' title='bbox 902 1450 1015 1483; x_wconf 86' lang='lat' dir='ltr'><strong>Servat</strong></span> <span class='ocrx_word' id='word_1_199' title='bbox 1038 1461 1120 1491; x_wconf 91' lang='lat' dir='ltr'><strong>suos,</strong></span> <span class='ocrx_word' id='word_1_200' title='bbox 1147 1461 1223 1492; x_wconf 90' lang='lat' dir='ltr'><strong>quos</strong></span> <span class='ocrx_word' id='word_1_201' title='bbox 1247 1452 1356 1495; x_wconf 78' lang='lat' dir='ltr'><strong>agitat,</strong></span> 
     </span>
     <span class='ocr_line' id='line_1_71' title="bbox 952 1499 1285 1531; baseline 0 -1"><span class='ocrx_word' id='word_1_202' title='bbox 952 1499 1076 1531; x_wconf 86' lang='lat' dir='ltr'><strong>Fervor</strong></span> <span class='ocrx_word' id='word_1_203' title='bbox 1101 1499 1285 1531; x_wconf 86' lang='lat' dir='ltr'><strong>devotionis.</strong></span> 
     </span>
    </p>
   </div>
   <div class='ocr_carea' id='block_1_14' title="bbox 848 1564 1348 1835">
    <p class='ocr_par' dir='ltr' id='par_1_14' title="bbox 848 1564 1348 1835">
     <span class='ocr_line' id='line_1_72' title="bbox 848 1564 1281 1606; baseline 0.002 -10"><span class='ocrx_word' id='word_1_204' title='bbox 848 1566 879 1597; x_wconf 87' lang='lat'><strong>2.</strong></span> <span class='ocrx_word' id='word_1_205' title='bbox 900 1564 1045 1605; x_wconf 87' lang='lat' dir='ltr'><strong>Domine,</strong></span> <span class='ocrx_word' id='word_1_206' title='bbox 1071 1574 1128 1597; x_wconf 86' lang='lat' dir='ltr'><strong>rex</strong></span> <span class='ocrx_word' id='word_1_207' title='bbox 1152 1565 1281 1606; x_wconf 85' lang='lat' dir='ltr'><strong>gloriae,</strong></span> 
     </span>
     <span class='ocr_line' id='line_1_73' title="bbox 954 1611 1348 1652; baseline 0 -8"><span class='ocrx_word' id='word_1_208' title='bbox 954 1611 1073 1644; x_wconf 87' lang='lat' dir='ltr'><strong>Cuncta</strong></span> <span class='ocrx_word' id='word_1_209' title='bbox 1096 1613 1149 1652; x_wconf 82' lang='lat' dir='ltr'><strong>qui</strong></span> <span class='ocrx_word' id='word_1_210' title='bbox 1175 1612 1231 1645; x_wconf 88' lang='lat' dir='ltr'><strong>das</strong></span> <span class='ocrx_word' id='word_1_211' title='bbox 1255 1612 1348 1652; x_wconf 87' lang='lat' dir='ltr'><strong>bona,</strong></span> 
     </span>
     <span class='ocr_line' id='line_1_74' title="bbox 903 1658 1342 1700; baseline 0.002 -10"><span class='ocrx_word' id='word_1_212' title='bbox 903 1658 1052 1690; x_wconf 86' lang='lat' dir='ltr'><strong>Sanctum</strong></span> <span class='ocrx_word' id='word_1_213' title='bbox 1076 1663 1199 1699; x_wconf 88' lang='lat' dir='ltr'><strong>patrem</strong></span> <span class='ocrx_word' id='word_1_214' title='bbox 1222 1660 1342 1700; x_wconf 84' lang='lat' dir='ltr'><strong>gratiae</strong></span> 
     </span>
     <span class='ocr_line' id='line_1_75' title="bbox 948 1707 1309 1747; baseline -0.003 -8"><span class='ocrx_word' id='word_1_215' title='bbox 948 1707 1095 1739; x_wconf 89' lang='lat' dir='ltr'><strong>Firmans</strong></span> <span class='ocrx_word' id='word_1_216' title='bbox 1120 1709 1193 1739; x_wconf 87' lang='lat' dir='ltr'><strong>tuae</strong></span> <span class='ocrx_word' id='word_1_217' title='bbox 1219 1707 1309 1747; x_wconf 84' lang='lat' dir='ltr'><strong>dona,</strong></span> 
     </span>
     <span class='ocr_line' id='line_1_76' title="bbox 901 1753 1218 1786; baseline 0.006 -3"><span class='ocrx_word' id='word_1_218' title='bbox 901 1753 1054 1785; x_wconf 89' lang='lat' dir='ltr'><strong>Perennis</strong></span> <span class='ocrx_word' id='word_1_219' title='bbox 1078 1754 1218 1786; x_wconf 85' lang='lat' dir='ltr'><strong>laetitiae</strong></span> 
     </span>
     <span class='ocr_line' id='line_1_77' title="bbox 946 1799 1223 1835; baseline 0.018 -5"><span class='ocrx_word' id='word_1_220' title='bbox 946 1799 1074 1832; x_wconf 87' lang='lat' dir='ltr'><strong>Dotasti</strong></span> <span class='ocrx_word' id='word_1_221' title='bbox 1099 1810 1223 1835; x_wconf 87' lang='lat' dir='ltr'><strong>corona.</strong></span> 
     </span>
    </p>
   </div>
   <div class='ocr_carea' id='block_1_15' title="bbox 842 1864 1364 2040">
    <p class='ocr_par' dir='ltr' id='par_1_15' title="bbox 842 1864 1364 2001">
     <span class='ocr_line' id='line_1_78' title="bbox 842 1864 1295 1906; baseline 0.009 -11"><span class='ocrx_word' id='word_1_222' title='bbox 842 1865 874 1896; x_wconf 85' lang='lat'><strong>3.</strong></span> <span class='ocrx_word' id='word_1_223' title='bbox 900 1864 1045 1906; x_wconf 77' lang='lat' dir='ltr'><strong>Domine5</strong></span> <span class='ocrx_word' id='word_1_224' title='bbox 1072 1867 1125 1906; x_wconf 86' lang='lat' dir='ltr'><strong>qui</strong></span> <span class='ocrx_word' id='word_1_225' title='bbox 1151 1867 1295 1899; x_wconf 87' lang='lat' dir='ltr'><strong>ascendit</strong></span> 
     </span>
     <span class='ocr_line' id='line_1_79' title="bbox 945 1912 1364 1954; baseline 0.007 -11"><span class='ocrx_word' id='word_1_226' title='bbox 945 1912 1085 1945; x_wconf 84' lang='lat' dir='ltr'><strong>Mundus</strong></span> <span class='ocrx_word' id='word_1_227' title='bbox 1110 1914 1232 1946; x_wconf 86' lang='lat' dir='ltr'><strong>instans</strong></span> <span class='ocrx_word' id='word_1_228' title='bbox 1258 1923 1364 1954; x_wconf 84' lang='lat' dir='ltr'><strong>opere,</strong></span> 
     </span>
     <span class='ocr_line' id='line_1_80' title="bbox 895 1958 1355 2001; baseline 0.011 -13"><span class='ocrx_word' id='word_1_229' title='bbox 895 1958 1075 2000; x_wconf 82' lang='lat' dir='ltr'><strong>Accipiens,</strong></span> <span class='ocrx_word' id='word_1_230' title='bbox 1102 1961 1186 2000; x_wconf 89' lang='lat' dir='ltr'><strong>quod</strong></span> <span class='ocrx_word' id='word_1_231' title='bbox 1209 1962 1355 2001; x_wconf 89' lang='lat' dir='ltr'><strong>intendit,</strong></span> 
     </span>
    </p>

    <p class='ocr_par' dir='ltr' id='par_1_16' title="bbox 944 2004 1297 2040">
     <span class='ocr_line' id='line_1_81' title="bbox 944 2004 1297 2040; baseline 0.011 -4"><span class='ocrx_word' id='word_1_232' title='bbox 944 2004 1136 2039; x_wconf 82' lang='lat' dir='ltr'><strong>Benedictus</strong></span> <span class='ocrx_word' id='word_1_233' title='bbox 1159 2017 1297 2040; x_wconf 86' lang='lat' dir='ltr'><strong>munere.</strong></span> 
     </span>
    </p>
   </div>
   <div class='ocr_carea' id='block_1_16' title="bbox 1032 2080 1238 2116">
    <p class='ocr_par' dir='ltr' id='par_1_17' title="bbox 1032 2080 1238 2116">
     <span class='ocr_line' id='line_1_82' title="bbox 1032 2080 1238 2116; baseline 0.01 -10"><span class='ocrx_word' id='word_1_234' title='bbox 1032 2080 1238 2116; x_wconf 82' lang='lat' dir='ltr'><strong>Responsoria.</strong></span> 
     </span>
    </p>
   </div>
   <div class='ocr_carea' id='block_1_17' title="bbox 840 2133 1393 2361">
    <p class='ocr_par' dir='ltr' id='par_1_18' title="bbox 840 2133 1393 2361">
     <span class='ocr_line' id='line_1_83' title="bbox 840 2133 1287 2175; baseline 0.013 -12"><span class='ocrx_word' id='word_1_235' title='bbox 840 2133 870 2164; x_wconf 91' lang='lat'><strong>1.</strong></span> <span class='ocrx_word' id='word_1_236' title='bbox 897 2133 1013 2174; x_wconf 85' lang='lat' dir='ltr'><strong>Fulget</strong></span> <span class='ocrx_word' id='word_1_237' title='bbox 1035 2136 1118 2175; x_wconf 91' lang='lat' dir='ltr'><strong>lapis</strong></span> <span class='ocrx_word' id='word_1_238' title='bbox 1143 2138 1287 2169; x_wconf 81' lang='lat' dir='ltr'><strong>amabilis</strong></span> 
     </span>
     <span class='ocr_line' id='line_1_84' title="bbox 942 2181 1393 2224; baseline 0.009 -13"><span class='ocrx_word' id='word_1_239' title='bbox 942 2181 1049 2213; x_wconf 83' lang='lat' dir='ltr'><strong>Instar</strong></span> <span class='ocrx_word' id='word_1_240' title='bbox 1071 2192 1147 2215; x_wconf 88' lang='lat' dir='ltr'><strong>auro</strong></span> <span class='ocrx_word' id='word_1_241' title='bbox 1173 2185 1393 2224; x_wconf 87' lang='lat' dir='ltr'><strong>chrysolithus,</strong></span> 
     </span>
     <span class='ocr_line' id='line_1_85' title="bbox 894 2225 1308 2267; baseline 0.01 -11"><span class='ocrx_word' id='word_1_242' title='bbox 894 2225 1003 2258; x_wconf 80' lang='lat' dir='ltr'><strong>Virtus</strong></span> <span class='ocrx_word' id='word_1_243' title='bbox 1028 2230 1129 2267; x_wconf 89' lang='lat' dir='ltr'><strong>patris</strong></span> <span class='ocrx_word' id='word_1_244' title='bbox 1153 2230 1308 2262; x_wconf 87' lang='lat' dir='ltr'><strong>mirabilis</strong></span> 
     </span>
     <span class='ocr_line' id='line_1_86' title="bbox 939 2273 1271 2308; baseline 0.012 -5"><span class='ocrx_word' id='word_1_245' title='bbox 939 2273 1097 2306; x_wconf 85' lang='lat' dir='ltr'><strong>Invitatur</strong></span> <span class='ocrx_word' id='word_1_246' title='bbox 1122 2277 1271 2308; x_wconf 88' lang='lat' dir='ltr'><strong>divinitus</strong></span> 
     </span>
     <span class='ocr_line' id='line_1_87' title="bbox 894 2317 1332 2361; baseline 0.014 -14"><span class='ocrx_word' id='word_1_247' title='bbox 894 2317 1009 2350; x_wconf 87' lang='lat' dir='ltr'><strong>Cursus</strong></span> <span class='ocrx_word' id='word_1_248' title='bbox 1034 2324 1166 2353; x_wconf 81' lang='lat' dir='ltr'><strong>naturae</strong></span> <span class='ocrx_word' id='word_1_249' title='bbox 1189 2323 1332 2361; x_wconf 85' lang='lat' dir='ltr'><strong>solvitur,</strong></span> 
     </span>
    </p>
   </div>
  </div>
 </body>
</html>
