1650 2587
751 111 950 148 -7-

196 204 339 247 primam
364 206 500 242 literam
527 206 679 251 ersdem
702 218 820 244 versus
845 210 880 244 et
903 210 984 243 sunt
1007 208 1097 243 idem
1123 216 1241 243 versus
1266 209 1413 252 utroque
1438 217 1491 242 or-

195 260 292 306 dine3
322 263 388 298 sic:

417 332 515 363 Mane
537 334 618 374 tace,
644 332 733 364 rixae
757 333 786 364 si
808 334 856 366 vis
881 333 967 364 exire
991 336 1151 372 catenan13

194 384 268 418 vel:

417 443 479 484 En,
505 452 583 483 gyro
605 447 688 476 torte
712 445 759 476 sol
785 446 872 484 cyclo
895 445 951 476 sed
976 448 1063 477 rotor
1086 445 1175 484 igne3

190 497 247 531 vel
272 497 340 532 sic:

417 558 498 589 Arte
521 558 605 588 mala
627 565 714 589 mere
738 558 804 590 vidi
828 566 902 591 vere
925 559 1009 590 mala
1032 560 1141 589 metra.

285 629 517 666 Alternati
543 641 662 667 versus
687 631 857 678 dicuntur,
884 632 943 676 qui
965 632 1094 667 habent
1116 632 1152 666 in
1175 632 1317 675 singulis
1335 631 1491 667 versibus

189 695 249 720 sex
275 689 526 730 consonantiaS,
561 690 632 724 tres
656 689 721 724 sibi
745 689 991 724 concordantes
1017 690 1053 724 et
1075 689 1199 723 iterum
1226 690 1296 722 tres
1321 689 1386 723 sibi
1411 697 1488 722 con—

189 744 372 779 cordantes
397 745 509 786 aliter,
534 745 732 780 alternatim
756 746 894 790 positas,
921 745 986 780 hoc
1009 744 1130 779 modo:

413 821 544 864 Plaude,
563 830 679 861 parens
696 822 759 860 pia,
779 820 892 853 fraude
908 829 1029 862 carens,
1048 821 1160 860 gaude,
1178 821 1254 852 mihi
1271 828 1396 859 parens.

414 868 521 900 Prima
541 868 606 907 poli
632 868 717 906 colis,
744 869 809 899 ima
832 868 891 900 soli
916 869 1009 909 regis,
1035 868 1148 900 intima
1171 867 1265 907 proli.

281 940 515 985 Dactylici
543 942 712 985 dicuntur,
741 943 799 985 qui
823 943 956 977 tantum
983 942 1112 977 habent
1137 941 1302 985 dactylos,
1328 941 1378 975 ita
1401 941 1491 985 quod

186 997 357 1032 secundus
390 1007 451 1042 pes
486 999 673 1033 concordat
705 1007 781 1032 cum
816 1001 937 1042 quarto
972 998 1125 1041 ejnsdem
1158 1007 1277 1034 versus
1302 1000 1338 1031 et
1362 998 1398 1032 in
1424 995 1492 1032 fine

188 1055 300 1099 ambo,
328 1054 394 1089 sic:

415 1122 544 1154 Transit
567 1122 609 1153 ad
633 1122 764 1154 aethera
788 1122 878 1162 virgo
903 1130 1072 1161 puerpera,
1103 1122 1226 1162 virgula
1248 1121 1349 1163 Jesse,

413 1169 486 1201 Non
509 1169 578 1200 sine
604 1177 746 1211 corpore,
773 1170 829 1202 sed
852 1169 920 1200 sine
943 1171 1086 1209 tempore
1109 1169 1223 1200 transit
1249 1168 1289 1199 ad
1313 1168 1405 1202 Esse.

281 1242 303 1278 J
312 1243 496 1278 anuarii
523 1243 686 1278 dicuntur
711 1252 839 1287 versus,
866 1252 1011 1286 quorum
1036 1243 1211 1287 quaelibet
1235 1242 1338 1276 dictio
1364 1242 1492 1277 directe

189 1302 225 1334 et
247 1302 444 1335 transverse
468 1300 609 1344 respicit
632 1308 728 1335 more
752 1298 841 1344 Jan5,
865 1299 931 1334 hoc
954 1299 1077 1334 modo:

188 1377 371 1418 virgineum
402 1405 408 1414 ⁴
433 1378 539 1409 lumen
576 1408 582 1411 ⁴
609 1405 615 1411 .
642 1380 674 1409 te
717 1405 723 1411 .
753 1405 759 1411 .
789 1405 795 1411 ,
822 1405 828 1411 ⁴
857 1376 959 1410 ditat.
990 1405 993 1408 .
1023 1405 1029 1411 .
1059 1402 1062 1408 .
1090 1378 1217 1407 nectare
1245 1402 1251 1408 .
1278 1405 1284 1411 ⁴
1311 1384 1424 1406 numen

187 1424 308 1456 Lumen
333 1450 339 1459 ⁴
369 1453 372 1459 ⁴
402 1450 408 1456 ⁴
435 1425 539 1456 solare
573 1450 579 1459 ⁴
609 1453 615 1459 ⁴
642 1423 765 1465 genitor
789 1450 792 1456 ⁴
822 1453 828 1459 ⁴
854 1426 887 1455 te
915 1450 1059 1459 ,,,,,
1087 1423 1182 1453 comit
1209 1453 1215 1456 ⁴
1242 1450 1248 1456 ⁴
1278 1450 1281 1456 .
1310 1422 1428 1453 honore

187 1471 235 1503 Te
264 1498 408 1507 ,,,,,
433 1471 557 1512 genitor
571 1498 578 1505 ⁴
609 1498 612 1504 ⁴
638 1473 783 1511 peramat
825 1498 831 1504 ⁴
852 1471 1025 1510 plasmator
1056 1498 1062 1504 ⁴
1089 1470 1223 1500 culmine
1245 1495 1248 1501 .
1278 1498 1284 1504 ⁴
1311 1472 1418 1500 sacrat

188 1518 280 1551 Ditat
296 1545 303 1552 .
333 1546 339 1555 ⁴
366 1546 372 1552 .
402 1549 408 1555 ⁴
434 1522 467 1550 te
501 1546 507 1552 .
534 1546 540 1552 ⁴
570 1546 576 1552 .
603 1549 609 1552 ,
635 1519 808 1558 plasmator
849 1526 937 1549 amor
984 1546 990 1552 ⁴
1017 1546 1026 1549 ⁴
1053 1546 1059 1552 ⁴
1085 1517 1203 1556 promit
1242 1543 1245 1546 .
1275 1543 1281 1549 ⁴
1306 1517 1492 1556 populorum

187 1565 326 1598 Nectare
363 1591 369 1600 ⁴
399 1594 405 1600 .
430 1565 524 1599 comit
567 1594 573 1600 ⁴
603 1591 609 1597 .
636 1565 789 1597 eulmine.
819 1594 825 1597 ⁴
849 1565 967 1604 promit
982 1590 989 1597 ⁴
1020 1591 1023 1597 ⁴
1056 1591 1059 1597 ⁴
1087 1563 1205 1595 coelica
1242 1591 1248 1597 ⁴
1281 1594 1284 1597 ⁴
1308 1563 1403 1595 turba

186 1612 309 1645 Numen
360 1639 366 1648 ⁴
396 1642 402 1648 ⁴
428 1613 546 1645 honore
564 1639 573 1645 ⁴
603 1642 609 1648 ⁴
634 1615 740 1644 sacrat
780 1639 786 1645 .
816 1642 822 1645 ,
848 1612 1035 1652 populorum
1050 1636 1057 1643 .
1083 1610 1178 1643 turba
1206 1639 1212 1645 ⁴
1242 1639 1245 1642 .
1278 1639 1281 1645 ⁴
1307 1611 1434 1643 salutat.

285 1686 331 1723 Hi
352 1697 473 1723 versus
499 1687 620 1722 ordine
644 1689 841 1722 transverso
865 1685 970 1720 iidem
996 1687 1086 1729 sunt,
1123 1685 1182 1729 qui
1207 1684 1326 1720 ordine
1352 1685 1492 1728 directo,

188 1745 277 1780 sicut
300 1747 398 1790 patet
421 1744 616 1789 inspicienti
641 1743 793 1787 singulos
803 1743 843 1788 ¹).

280 1810 590 1856 Tripodantes
624 1810 785 1846 dicuntur
816 1810 866 1845 illi
893 1819 1030 1854 versus,
1066 1809 1123 1853 qui
1148 1809 1279 1844 habent
1302 1809 1337 1843 in
1361 1818 1398 1843 se
1422 1810 1493 1843 tres

185 1869 435 1904 concordantes
466 1868 590 1914 pedes,
624 1867 756 1903 scilicet
788 1867 977 1902 seeundum
1011 1869 1047 1901 et
1076 1868 1236 1910 quartum
1262 1867 1298 1899 et
1321 1866 1492 1909 ultimum,

183 1926 249 1961 hoc
272 1926 394 1961 modo:

410 1994 504 2035 Agne
527 1992 599 2033 Dei,
624 1993 776 2025 miserere
799 1993 872 2036 mei,
896 1992 967 2023 loca
992 1992 1071 2023 dans
1095 1990 1226 2030 requiei⁷

416 2041 493 2073 Cum
518 2040 625 2080 palma
647 2048 736 2080 nece,
763 2048 829 2083 rex,
854 2039 938 2072 alma
962 2048 1012 2070 me
1037 2039 1099 2071 duc
1123 2038 1165 2069 ad
1182 2037 1323 2078 agalma3

183 2097 261 2134 vel:

413 2155 482 2187 Rex
509 2152 602 2185 fortis
628 2153 757 2194 Stygiae
782 2154 877 2185 sortis
900 2152 1077 2192 penetralia
1102 2151 1217 2191 pandit

414 2202 459 2235 Et
482 2202 594 2233 mortis
619 2200 730 2234 fractis
756 2201 859 2241 portis
884 2208 980 2240 super
1004 2198 1135 2231 aethera
1160 2197 1294 2230 scandit.

261 2355 284 2391 ¹)
306 2353 363 2383 Die
381 2352 487 2382 Worte
506 2351 573 2381 sind
593 2360 650 2381 von
671 2351 747 2381 oben
765 2350 842 2380 nach
862 2351 952 2379 unten
971 2358 1008 2378 zu
1028 2348 1118 2378 lesen.

766 2484 852 2537 &Q

770 2545 829 2570 ἢ).
842 2540 879 2569 ,η’
887 2542 912 2575 3
