1650 2587
684 105 979 141 '-221—

268 200 363 240 Cujus
385 201 540 234 immensa
564 201 660 241 datio,
950 205 1012 237 Per
1036 213 1127 243 quem
1150 206 1198 236 tot,
1221 205 1410 244 magnalium

268 248 344 287 Ipse
368 248 411 280 sit
435 249 660 282 consummatio
997 250 1093 283 Plebs
1119 253 1172 282 tua
1198 251 1340 291 deposito

316 296 359 327 Et
384 296 488 329 laudis
513 300 545 328 et
569 305 758 331 sermonum.
1042 298 1145 340 Digne
1168 298 1330 339 gloriatur,

949 346 1059 379 Firma
1082 345 1176 378 fidem
1202 346 1363 385 mentium,

997 392 1126 426 Crescat
1150 394 1182 423 et
1207 392 1344 435 dilectio,

951 440 1003 472 Da
1026 442 1187 479 speratum
1212 439 1369 482 gaudium,

996 488 1061 526 Quo
1085 496 1144 527 pro
1168 488 1252 519 vitae
1275 487 1388 518 merito

1044 535 1092 567 Te
1118 534 1213 566 dante
1239 533 1371 566 fruatur.

386 371 431 398 Ad
450 371 634 399 Benedictus.

198 416 237 449 A.
271 419 366 451 Ortus
391 421 465 451 ante
486 420 613 452 saecula

270 465 336 497 Nos
361 465 394 497 in
418 467 504 499 servi
527 466 664 499 formula

317 512 462 546 Christus
487 513 638 553 visitavit,

270 559 370 592 Nobis
396 561 475 592 dans
500 561 673 603 signacula,

270 606 388 646 Quibus
414 608 504 640 dirae
528 608 656 641 vincula
1057 627 1127 655 Alia
1145 626 1320 663 Antiphona.

318 654 434 687 Mortis
461 655 637 695 dissipavit.
950 686 976 718 O
1003 685 1078 718 Jesu
1115 693 1172 716 rex
1196 684 1331 716 omnium

1082 711 1090 725 θ
1336 708 1343 724 2

949 732 1039 763 Finis
1064 734 1096 763 et
1118 731 1309 771 principium

343 748 359 780 1
369 758 388 779 n
415 751 446 783 2,
472 749 500 781 V
511 757 528 779 e
537 759 579 789 sp
592 758 634 780 er
642 758 653 779 1
662 759 687 782 s.
998 778 1134 810 Nostrae
1157 778 1374 817 solemnitatis,

388 814 434 841 Ad
452 814 632 850 Magnificat.
950 826 1027 859 Post
1051 825 1132 857 festa
1156 824 1344 865 temporalia

196 870 237 902 A.
269 872 293 904 O
319 872 405 915 Jesu,
433 871 574 903 fidelium
951 873 1017 904 Nos
1041 872 1196 912 perducas
1221 873 1262 904 ad
1288 871 1403 911 gaudia

316 918 395 957 Spes
421 921 452 950 et
476 918 633 959 gloriatio,
998 919 1087 951 Tuae
1110 918 1327 959 perennitatis.

272 993 357 1020 Brev.
377 1001 431 1019 ms.
451 992 606 1020 Johannae
624 992 777 1025 Ebroicae,
797 1002 828 1020 re
848 994 917 1020 inae
935 994 1076 1021 Franciae
1095 993 1114 1028 †
1135 991 1206 1020 1371
1225 991 1267 1027 (in
1285 992 1497 1027 Privatbesitz).

196 1029 231 1056 A.
252 1043 289 1048 -
308 1029 393 1056 BreV.
418 1038 470 1057 ms.
490 1029 698 1057 Xanctonense
718 1038 792 1057 saec.
812 1003 855 1058 lg.
877 1030 945 1058 Cod.
966 1031 1091 1058 Parisin.
1114 1027 1217 1059 13233.
1232 1031 1264 1058 Β.
1284 1044 1323 1049 —-
1342 1031 1427 1057 Brev.
1447 1039 1498 1057 ms.

197 1067 226 1094 S.
247 1067 386 1095 Germani
407 1076 425 1094 a
443 1067 540 1095 Pratis
563 1075 637 1094 saec.
660 1066 703 1095 14.
723 1067 791 1095 God.
805 1069 930 1096 Parisin.
953 1066 987 1096 13
995 1066 1060 1096 239Γ
1076 1068 1105 1095 Ο.
1126 1084 1163 1088 -
1181 1067 1480 1103 Merkwiirdigerwcis

195 1104 247 1131 hat
276 1105 338 1132 dies
359 1102 493 1132 Officium
520 1104 594 1132 auch
622 1106 655 1133 in
676 1105 698 1133 C
725 1105 808 1133 nicht
833 1106 881 1133 die
906 1106 1102 1134 monastische
1120 1106 1207 1133 Form
1232 1106 1288 1132 wie
1313 1105 1360 1132 die
1390 1104 1499 1132 andern

197 1141 318 1170 Officien
338 1142 433 1171 dieses
452 1142 602 1177 Brevier53
624 1142 755 1179 dagegen
773 1144 879 1171 weioht
897 1143 945 1171 die
958 1143 1092 1179 Stellung
1112 1144 1162 1170 der
1177 1143 1328 1171 einzelnen
1340 1142 1418 1170 Teile
1441 1151 1501 1170 von

196 1180 246 1207 AB
264 1180 427 1208 hedeutend
446 1181 492 1207 ab.
518 1196 546 1201 υ-
580 1180 616 1207 In
640 1177 666 1207 3.
686 1181 769 1208 Noct.
792 1180 814 1208 Α
837 1179 861 1217 1,
888 1179 905 1209 3
928 1182 975 1209 De
994 1181 1075 1216 cujus
1095 1183 1177 1217 parte
1196 1180 1301 1208 tumuli
1320 1181 1353 1208 B.
1379 1194 1416 1198 —-
1443 1178 1461 1205 R
1482 1177 1500 1207 3

195 1217 269 1245 fehlt
286 1219 324 1251 Β7
351 1219 468 1246 velches
491 1218 543 1246 das
565 1216 586 1244 R
614 1218 655 1245 Te
675 1218 790 1246 Christe
809 1220 929 1247 laudent
950 1226 1055 1254 supera
1077 1218 1254 1246 wiederholt.
1293 1218 1328 1246 In
1348 1217 1499 1245 ἁκεῖ-00111011

195 1255 279 1283 Noct.
301 1255 353 1282 hat
374 1254 397 1283 O
417 1265 455 1283 an
475 1257 591 1284 zweiter
612 1255 703 1283 Stelle
724 1257 772 1284 ein
794 1255 823 1291 R,
844 1256 967 1284 welches
988 1255 1041 1284 AB
1062 1256 1144 1284 nicht
1163 1256 1289 1284 kennszn:

631 1303 698 1330 Hac
718 1304 797 1332 clara
818 1304 866 1331 die
885 1306 1000 1333 cantica

669 1341 741 1369 Cum
762 1341 839 1369 dulci
858 1350 955 1379 pange
971 1341 1098 1377 modulo,

704 1377 839 1407 Ecclesia
854 1380 1006 1414 justorum,

631 1416 747 1444 Laudes
769 1418 862 1444 crucis
882 1418 1053 1453 multiplica,

670 1454 718 1481 Ex
739 1456 832 1482 crucis
853 1456 957 1482 crescit
976 1455 1060 1483 titulo

709 1491 811 1520 Gloria
834 1492 1060 1529 redemptorum3

566 1530 600 1558 V.
627 1529 662 1557 In
685 1530 741 1557 hac
759 1530 859 1558 mundi
879 1539 944 1565 spes
965 1531 1053 1558 unica

669 1568 799 1595 Donavit
820 1577 851 1595 se
870 1576 921 1604 pro
942 1568 1050 1604 populo

703 1605 844 1634 Manibus
863 1606 1040 1643 iniquorum.

638 1715 685 1747 84.
725 1715 768 1746 De
788 1717 893 1746 saneto
913 1716 1057 1747 Roberto.

329 1800 375 1831 In
402 1801 432 1833 1.
459 1800 675 1840 Vesperis.
944 1801 991 1834 Ut
1014 1810 1034 1833 a
1057 1810 1132 1841 rege
1156 1801 1257 1841 possit
1282 1801 1358 1842 regi,

408 1865 604 1901 Antiphonae.
947 1848 1030 1880 Nam
1054 1849 1096 1881 ad
1120 1849 1199 1880 haec
1225 1849 1291 1888 ejus
1314 1850 1395 1881 loca.

203 1924 234 1957 1.
260 1925 358 1957 Pater
383 1926 415 1955 et
438 1924 494 1955 lux
518 1923 752 1965 monachorum,
887 1926 919 1958 4.
946 1924 991 1957 Es
1018 1926 1049 1956 et
1074 1925 1136 1956 eris
1160 1925 1193 1956 in
1219 1926 1379 1957 aeternum

261 1972 336 2004 Dux
360 1970 511 2013 Roberte‚
537 1971 596 2003 tibi
622 1971 751 2004 chorum
946 1972 1148 2011 Benedictus,
1177 1972 1230 2012 qui
1255 1980 1425 2010 supernum

262 2018 459 2052 Servientem
483 2021 539 2051 tua
563 2027 659 2058 prece
945 2019 1062 2059 Regem
1087 2018 1152 2050 fide
1177 2019 1312 2058 coluisti,

260 2067 374 2107 Terge,
399 2066 518 2099 munda
541 2066 646 2099 sordis
671 2065 769 2099 faece.
946 2066 1046 2098 Serva
1068 2075 1126 2098 nos
1150 2066 1183 2098 in
1205 2067 1275 2106 lege
1300 2066 1428 2101 Christi.

200 2126 231 2157 2.
259 2124 377 2157 Noster
401 2125 512 2156 sancte
536 2124 610 2164 dux,
636 2123 786 2164 Roberte,
874 2131 913 2166 R·
944 2134 981 2166 1„
1007 2133 1093 2164 00310
1117 2131 1258 2164 Roberte
1281 2135 1374 2171 pafer

258 2172 326 2204 Fac
349 2180 412 2225 1105·
430 2171 583 2204 mundum
607 2179 769 2211 spernere,
991 2180 1060 2211 Sine
1083 2182 1226 2219 tempore
1246 2181 1374 2219 gaudes,

257 2219 304 2251 Ut
327 2227 484 2258 possmus
509 2228 616 2260 regem
641 2228 700 2260 ΡΘΓ
719 2221 752 2250 ’ῑθ
945 2227 1093 2267 Regnans
1120 2236 1189 2259 cum
1216 2227 1341 2259 Christo

255 2267 295 2299 In
322 2265 438 2298 decore
461 2274 600 2300 cei'Mse-
991 2283 1152 2308 servorum
1178 2275 1304 2314 suscipe
1327 2275 1448 2320 laudes,

200 2326 231 2358 3.
259 2323 319 2363 Qui
343 2323 479 2355 servasti
502 2322 600 2355 fidem
624 2325 702 2366 regi,
874 2322 911 2357 V.
942 2321 1047 2356 coelis
1072 2326 1247 2363 susceptus,

256 2371 325 2403 Tuo
350 2368 437 2403 feras
461 2379 553 2410 opem
578 2372 675 2414 gregi,
990 2370 1140 2411 Roberte,
1165 2370 1228 2402 tuis
1252 2370 1412 2405 miserere.
