1650 2587
745 129 1001 163 —251—

386 219 401 250 Ι
408 227 429 250 n
452 219 480 251 L
490 229 509 252 a
516 230 538 252 u
552 221 592 253 di
604 221 623 253 b
632 231 654 253 u
663 231 687 253 s.

433 295 626 331 Antiphonae.

233 360 263 393 1.
289 360 424 392 Indutus
449 361 636 395 fortitudine

290 407 424 439 Sanctus
448 413 571 450 martyr
592 410 738 442 Tiberius

292 454 446 487 Mundum
471 456 596 497 subegit
619 459 780 500 sanguine,

289 501 386 541 Quem
413 503 530 536 Caesar
554 504 637 536 fudit
660 505 787 546 impius,

293 548 438 582 Viventis
462 551 524 583 Dei
548 552 683 593 nescius,

292 595 453 636 Deceptus
479 598 609 630 deorum
632 599 770 631 numine.

234 672 265 704 2.
292 671 414 705 Jubilet
437 673 470 705 in
494 673 617 705 laetitia

290 718 400 750 Totius
426 730 488 752 vox
512 721 674 764 ecclesiae,

293 765 480 798 Sanctorum
505 768 682 807 patrocinia

294 812 551 847 Commendando
576 815 755 855 memoriae,

292 860 351 899 Qui
377 869 444 892 cum
467 862 575 902 palma
598 862 751 894 victoriae

292 906 380 939 Coeli
403 911 514 940 tenent
535 908 673 949 fastigia.

233 983 266 1014 3.
292 981 390 1020 Quem
415 983 543 1015 sitiebat
567 984 681 1023 anima,

291 1028 453 1067 Quaesivit
477 1039 572 1062 carne
595 1030 774 1073 Dominum,

289 1075 408 1115 Flagra
432 1075 537 1108 ferens
563 1077 738 1116 asperrima

289 1123 386 1154 Venit
410 1124 450 1155 ad
476 1126 601 1163 patrem
623 1124 774 1155 luminum

289 1170 368 1202 Post
392 1170 484 1210 hujus
509 1171 595 1203 vitae
618 1171 785 1202 terminum

290 1216 401 1256 Regna
425 1221 536 1249 tenens
561 1218 725 1249 altissima.

233 1294 265 1325 4.
292 1292 352 1330 Qui
376 1294 442 1324 tres
466 1293 606 1325 inclusus
633 1294 715 1324 eruit

290 1339 339 1371 De
363 1338 502 1372 fornacis
524 1341 672 1372 incendio

290 1386 370 1418 Suos
394 1388 530 1419 athletas
555 1388 656 1420 voluit

291 1433 470 1466 Sublimare
493 1435 656 1474 martyrio,

288 1480 370 1512 Nam
394 1480 474 1520 ipsis
498 1490 593 1514 sacra
616 1482 722 1521 passio

288 1529 401 1560 Portas
426 1529 506 1560 lueis
532 1529 667 1568 aperuit.

228 1606 260 1637 5.
285 1604 388 1644 Reges
414 1607 446 1636 et
470 1613 576 1636 omnes
601 1605 721 1645 populi,

286 1652 383 1684 Senes
409 1660 478 1683 cum
500 1652 689 1691 junioribus,

285 1699 430 1731 Laudate
453 1708 560 1739 regem
584 1699 711 1739 saeculi,

285 1746 344 1786 Qui
369 1755 499 1786 regnum
525 1747 589 1778 suis
614 1746 748 1778 testibus

285 1793 441 1825 Firmavit
465 1794 499 1825 in
525 1794 723 1833 coelestibus,

285 1841 375 1879 Quod
399 1841 479 1872 nulli
503 1841 619 1873 tollunt
644 1842 769 1873 aemuli.

1085 227 1130 254 Ad
1148 227 1331 255 Benedictus.

904 268 945 302 A.
975 268 1028 300 Ad
1053 271 1254 310 sepulchrum

1017 317 1144 354 patroni
1168 317 1282 349 nobilis

971 361 1075 402 Larga
1099 364 1209 396 virtus¹

1020 408 1136 441 Christi
1159 411 1318 451 exuberat,

972 456 1022 487 Ibi
1047 457 1159 489 claudo

1018 511 1074 542 pes
1102 504 1195 536 datur
1219 505 1321 545 agilis,

972 549 1095 589 Lingua
1118 551 1197 582 muti

1018 605 1052 627 se
1075 600 1187 637 sponte
1210 602 1341 638 reserat,

971 643 1034 675 Hic
1059 645 1193 676 colorem

1014 690 1156 730 leprosus
1180 692 1303 732 alterat,

972 737 1024 768 Ad
1051 737 1221 770 videndum

1017 783 1054 815 fit
1078 793 1188 817 caecus
1213 786 1336 829 habilis,

972 831 1010 862 In
1035 833 1197 863 aeternum

1018 877 1103 910 Deus
1127 879 1296 911 laudabilis

969 924 1169 966 Benedictus,

1018 972 1068 1010 qui
1096 976 1209 1004 cuncta
1232 975 1408 1011 prosperat.

1040 1042 1085 1073 In
1112 1044 1143 1075 2.
1173 1043 1384 1082 vesperis,

1113 1093 1306 1128 Antiphonae.

975 1134 999 1167 Ο
1024 1134 1180 1176 Modeste,

1020 1182 1107 1221 cujus
1132 1183 1287 1215 modestia

971 1228 1084 1260 Dirum
1109 1230 1218 1261 mundi

1019 1276 1151 1308 calcavit
1176 1277 1362 1316 principem,

973 1322 1090 1354 Christi
1113 1324 1196 1364 regis

1018 1369 1122 1402 ferens
1147 1371 1282 1410 insignia

970 1417 1143 1450 Ventilasti

1018 1465 1187 1503 superbum
1209 1465 1358 1507 judicem,

970 1511 1057 1543 Audi
1079 1520 1191 1551 preces

1015 1561 1138 1591 tuorum
1163 1559 1350 1599 supplicum,

969 1605 1013 1637 Ut
1037 1606 1154 1645 adepta

1015 1653 1178 1692 culparum
1204 1654 1296 1685 venia

967 1699 1199 1739 Consequamur

1013 1747 1092 1778 lucis
1117 1747 1240 1788 solatia,

968 1794 1110 1834 Regnum
1135 1796 1222 1834 pacis

1015 1844 1047 1873 et
1070 1843 1181 1874 stolam
1209 1843 1377 1882 duplicem.

289 1897 443 1931 Proprium
460 1896 626 1932 Agathense
651 1898 720 1933 imp.
740 1898 864 1925 Biterris
892 1895 974 1925 1616.
1000 1913 1036 1916 —
1063 1898 1099 1925 In
1125 1896 1150 1925 1.
1170 1899 1253 1926 Noct.
1276 1896 1298 1924 A
1319 1896 1336 1926 3
1360 1898 1433 1926 fehlt
1454 1899 1512 1925 eine

213 1935 302 1962 Zeile.
328 1948 365 1953 —
387 1931 407 1959 R
428 1932 454 1968 3,
477 1933 494 1961 5
514 1935 591 1962 Zwei
605 1934 707 1962 Silben
726 1944 762 1962 zu
781 1936 849 1963 viel.
871 1951 907 1955 —
927 1936 963 1963 In
985 1933 1010 1962 2.
1025 1936 1109 1964 Noct.
1124 1934 1146 1962 A
1169 1934 1192 1969 1,
1214 1934 1232 1962 2
1253 1939 1282 1963 et
1301 1936 1458 1972 sculptilia·
1481 1950 1519 1954 —

215 1971 235 1999 Β
252 1971 278 2006 2,
301 1970 338 2000 14
357 1974 459 1999 curata
478 1973 556 1999 mala
575 1975 657 2008 peste
675 1974 764 2008 genii.

804 1989 810 1993 -
843 1971 863 1999 R
880 1971 907 2006 3,
928 1972 945 2000 6
958 1974 1152 2009 peringratus.
1171 1988 1211 1992 ——
1230 1974 1266 2001 In
1279 1971 1305 2001 3,
1320 1974 1403 2001 Noct.
1418 1972 1439 2000 A
1454 1971 1480 2007 ζ,
1502 1972 1518 2001 P

215 2012 312 2047 Atque
336 2009 367 2037 id
387 2010 483 2043 ipsum
504 2012 611 2038 statim.
637 2025 674 2030 —
696 2009 716 2037 R
739 2009 764 2044 1,
784 2009 801 2038 9
824 2011 865 2038 At
879 2012 938 2038 viri
958 2012 1060 2038 sancti.
1085 2026 1125 2031 -—
1149 2009 1168 2037 R
1195 2010 1219 2045 1,
1241 2010 1277 2038 12
1296 2012 1393 2039 locum
1412 2012 1518 2039 Arauri

213 2050 378 2085 pristinum.
398 2063 436 2068 -—
455 2046 475 2074 R
492 2047 517 2081 1,
540 2046 574 2076 13
587 2048 648 2076 Ubi
661 2051 730 2076 sunt
742 2049 830 2077 vitae.
843 2063 881 2068 —
894 2048 1031 2084 Hymnen
1044 2049 1147 2077 hiezu:
1168 2051 1199 2076 in
1212 2050 1315 2084 Vesp.:
1338 2049 1423 2077 Claro
1437 2051 1518 2077 Deus

213 2087 383 2123 praeconio3
404 2086 436 2113 in
448 2087 550 2114 Noct:
563 2086 712 2114 Noctua-no
729 2086 843 2115 Christo
858 2088 984 2123 cantica3
1005 2088 1037 2114 in
1050 2087 1160 2114 Laud.:
1175 2087 1290 2114 Aurora
1302 2096 1317 2114 c
1332 2087 1377 2114 =e11
1390 2088 1518 2123 praevia.

639 2177 685 2209 95.
725 2162 769 2209 150
789 2179 894 2210 sancto
915 2177 1086 2219 Trophimo.

347 2240 393 2272 In
419 2240 449 2273 1.
475 2239 691 2279 Vesperis.

401 2313 447 2341 Ad
466 2312 646 2349 Magnificat.

212 2387 253 2418 A.
284 2381 462 2415 Galliarum
485 2381 683 2422 principatus

281 2429 409 2464 Arelati
433 2432 481 2462 est
506 2429 639 2462 collatus

963 2238 1010 2271 Ob
1034 2239 1183 2272 honorem
1206 2242 1237 2271 et
1261 2242 1389 2271 ornatus

963 2286 1130 2326 Trophimi
1155 2287 1360 2328 apostolatus,

962 2334 1059 2373 Quem
1083 2343 1101 2367 a
1126 2334 1251 2368 Christo
1277 2335 1462 2367 sublimatus

964 2381 1023 2414 Vir
1046 2382 1220 2421 promeruit
1242 2384 1366 2425 beatus,

967 2428 1062 2469 Cujus
1086 2429 1233 2470 precibus
1258 2430 1401 2470 placatus
