1650 2587
651 101 904 136 —220—

140 199 178 232 V.
207 197 370 230 Adversae
393 200 511 237 partes,
537 196 645 237 fugite,

208 244 338 276 Sumant
360 244 496 276 ministri
518 243 644 276 Domini

255 291 409 324 Laetitiae
434 294 624 324 concentum.

154 349 184 381 3.
212 347 320 380 Crucis
344 347 440 379 instet
462 347 637 387 praeconiis

255 394 373 434 oleras,
400 403 490 433 quem
513 393 656 426 Christus
681 402 752 425 san-

527 441 620 479 guine

298 486 404 519 Effuso
430 486 633 525 consecravit,

206 535 243 566 In
268 534 355 572 cujus
378 534 518 572 pendens
540 532 678 565 brachiis

251 581 313 613 Pro
337 579 446 611 mundi
467 588 501 611 se
525 580 706 619 peccamine

298 626 456 658 Piaculum
484 626 630 667 donavit3

135 674 172 707 V.
202 673 254 704 Sic
277 673 347 713 pius
372 681 406 704 se
429 681 487 711 pro
511 673 616 713 impiis

250 720 419 760 Exponens
443 720 510 752 sine
535 719 665 752 crimine

295 766 489 806 Supplicium
514 767 662 806 portavit.

260 861 305 892 In
330 861 361 893 3.
387 859 613 893 NocturnO.

344 919 536 955 Antiphonae.

146 972 176 1005 1.
202 971 268 1003 Nos
291 974 405 1012 tecum,
428 972 526 1010 judex
551 974 678 1013 saeculi,

247 1018 314 1050 Fac
340 1020 462 1051 demum
487 1019 626 1060 gloriari,

200 1065 250 1097 De
273 1067 365 1104 parte
388 1068 436 1096 tui
460 1066 570 1097 tumuli

246 1112 328 1150 Quos
352 1112 444 1143 modo
471 1112 527 1143 das
551 1113 675 1145 laetari.

141 1168 173 1199 2.
199 1168 365 1199 Praeclaro
392 1167 533 1200 Christus
558 1170 717 1209 sanguine,

244 1214 357 1246 Servos
382 1223 453 1245 suos
479 1214 600 1254 ditavit,

198 1260 257 1298 Qui
282 1261 321 1292 de
346 1261 412 1299 ejus
435 1261 570 1300 imagine

245 1307 398 1339 Percussa
422 1309 588 1341 emanavit.

141 1362 172 1394 3.
197 1362 300 1403 Digne
321 1364 433 1394 chorus
457 1363 596 1395 fidelium

243 1410 390 1441 Linteum
414 1413 591 1450 veneratur,

198 1455 263 1494 Quo
285 1456 516 1495 redemptorem
537 1457 673 1489 omnium

242 1502 462 1535 Praecinctum
487 1505 663 1537 attestatur,

332 1576 536 1612 Responsoria.

139 1629 169 1661 1.
195 1628 271 1660 Dies
295 1627 378 1661 festa

240 1679 344 1707 movet
366 1675 408 1707 ad
432 1675 589 1718 gaudium,

196 1720 312 1753 Christi
338 1722 441 1753 colens

242 1777 383 1799 cruorem
407 1769 577 1812 proprium,

195 1815 329 1854 Pannos,
356 1819 523 1857 sceptrum,

243 1870 399 1902 coronam,
424 1863 564 1903 pallium,

194 1909 320 1940 Partem
344 1908 478 1951 tumbae,

241 1963 373 1995 crucem,
399 1956 569 1990 sudarium.

124 2000 161 2034 V.
191 2001 282 2033 Felix
308 2002 374 2034 dies
398 2002 447 2034 his
474 2003 585 2043 ditata,

193 2048 279 2086 Quae
301 2051 350 2080 tot
369 2048 466 2081 hahet
488 2049 550 2081 Dei
574 2053 671 2090 grata.

135 2106 165 2136 2.
190 2104 273 2136 Dum
296 2105 395 2137 leonis
419 2106 595 2138 immanitas

238 2152 333 2184 Latet
356 2152 413 2183 sub
436 2153 508 2193 agni
532 2153 659 2193 vellere,

190 2198 227 2230 1n
252 2199 406 2230 insontem
430 2202 579 2232 atrocitas

237 2246 360 2277 Insanit
381 2247 482 2286 prolis
506 2248 643 2287 viperae,

190 2292 273 2324 Justi
296 2292 378 2324 latus
402 2293 550 2334 iniquitas

236 2339 340 2371 Letali
365 2339 447 2374 fodit
470 2341 617 2382 vulnere3

814 197 851 229 V.
883 196 907 229 O
932 197 1014 228 mira
1039 196 1119 229 ferri
1142 198 1294 229 sanctitas

930 244 1019 283 Quod
1043 244 1188 277 vibratur
1211 245 1272 276 hoc
1295 244 1405 287 latere,

883 290 948 328 Quo
974 290 1138 323 vulnerata
1162 292 1277 323 caritas

932 337 1094 369 Satisfecit
1122 347 1180 378 pro
1206 338 1335 371 scelere.

823 394 854 426 3.
880 392 1044 433 Baptistae
1070 394 1219 434 calvaria,

929 440 1092 480 Simeonis,
1117 440 1218 473 Blasii

877 486 922 518 Et
947 487 1116 519 Clementis
1141 487 1247 527 capita

972 533 1068 574 Signa
1092 537 1166 566 sunt
1189 534 1322 575 amoris3

874 579 1000 611 Adsunt
1025 583 1056 612 et
1081 580 1214 614 donaria

924 627 1026 668 Pepli,
1052 628 1144 659 lactis
1168 629 1301 668 proprii,

970 674 1056 712 Quae
1079 677 1243 714 prasentat
1266 675 1378 707 inclita

1017 722 1123 753 Mater
1147 722 1314 754 salvatoris

807 766 845 798 V.
876 766 1022 799 Gaudeat
1047 768 1179 800 ecclesia

924 814 1047 847 Memor
1071 814 1214 847 beneficii

968 861 1079 893 Tantis
1105 863 1195 894 donis
1218 863 1364 902 praedita

1013 908 1124 940 Nostri
1149 908 1369 949 redemptoris,

964 1047 982 1079 I
989 1057 1010 1080 n
1033 1048 1061 1080 L
1071 1057 1089 1079 a
1097 1057 1118 1080 u
1129 1049 1169 1080 di
1178 1048 1197 1080 b
1207 1058 1227 1080 u
1237 1058 1262 1081 s.

1014 1118 1209 1152 Antiphonae.

817 1183 847 1215 1.
872 1182 972 1215 Donis
997 1183 1170 1223 praeclaris
1196 1184 1334 1224 praediti

871 1228 1023 1261 Thesauri
1046 1230 1135 1261 nobis
1161 1231 1274 1263 crediti

916 1278 1110 1309 Veneremur
1134 1280 1303 1319 auctorem,

871 1322 929 1360 Qui
952 1323 1041 1355 nobis
1066 1332 1154 1355 arma
1178 1325 1320 1367 contulit,

870 1369 988 1407 Quibus
1012 1371 1139 1402 humani
1166 1372 1303 1410 perculit

918 1416 1050 1448 Generis
1074 1425 1280 1457 opressorem,

811 1474 842 1504 2.
867 1471 955 1504 Haec
978 1473 1032 1504 lux
1057 1482 1126 1504 cum
1147 1474 1269 1505 laetitia

916 1519 1056 1551 Celebris
1080 1522 1192 1560 agatur

867 1565 912 1597 Et
930 1566 964 1597 in
989 1566 1105 1600 Christi
1129 1567 1230 1606 gloria

914 1613 1048 1644 Prorsus
1073 1613 1278 1653 expendatur.

810 1669 841 1701 3.
867 1667 952 1707 Jesu,
977 1670 1160 1709 redemptor
1184 1671 1312 1715 saeculi,

867 1714 904 1746 In
930 1716 996 1754 eJ'us
1021 1724 1145 1756 semper
1170 1718 1273 1750 seduli

914 1762 1094 1802 Praeceptis
1119 1764 1293 1806 vigilemus,

866 1807 915 1840 Ne
939 1817 1048 1848 segnes
1073 1812 1211 1850 operarii

865 1854 1067 1888 Frustremur
1090 1866 1148 1897 spe
1173 1857 1304 1900 denarii,

912 1902 1006 1941 GuJus
1030 1904 1144 1943 pignus
1167 1907 1319 1940 tenemus.

808 1959 839 1990 4.
865 1958 964 1990 Facta
986 1959 1049 1991 Dei
1073 1960 1203 1994 dextera

863 2004 1058 2038 Benedicant
1081 2016 1179 2048 opera

911 2053 1032 2086 Cuncta
1056 2059 1239 2099 creatorem,

864 2098 922 2136 Qui
948 2100 1003 2132 dat
1025 2101 1117 2133 nobis
1142 2112 1273 2135 munera

862 2146 916 2178 Ad
940 2148 1081 2180 sananda
1104 2150 1237 2183 vulnera

912 2195 1042 2227 Crucem
1068 2199 1100 2227 et
1124 2205 1276 2231 cruorem.

831 2274 838 2282 .
864 2249 983 2283 Terrae
1007 2260 1097 2293 reges
1122 2256 1154 2285 et
1176 2256 1287 2295 populi

862 2295 1008 2330 Laudent
1032 2309 1138 2332 omnes
1164 2306 1196 2333 et
1218 2302 1333 2343 singuli

909 2344 1077 2379 Sedentem
1101 2357 1217 2389 supera
1239 2350 1398 2393 thronum,

808 2250 826 2281 CN
