1651 2588
362 193 407 224 In
433 192 464 224 1.
489 192 717 224 Nocturno.

440 275 631 309 Antiphonae,

265 375 272 382 .
297 351 417 382 Beatus
439 351 488 381 tir
516 350 686 388 Auspicius

299 398 434 429 Manens
458 397 491 428 iu
517 397 576 429 Dei
600 396 721 435 legibus

296 444 393 476 Dedit
420 442 554 475 fructum
577 443 718 481 justitiae

295 490 414 522 Vivens
439 491 471 521 in
497 499 553 521 suo
581 492 730 528 tempore.

262 582 270 589 .
296 557 460 588 Primaevo
487 556 571 586 cultu
595 555 746 593 temporis

296 603 451 635 Imbuitur
475 602 619 638 literulis,

295 649 424 681 Electus
449 648 480 678 in
508 648 639 679 eeclesia

293 697 469 735 Praecepta
492 695 552 726 Dei
576 694 751 734 praedicat.

239 783 270 793 ..
298 762 377 794 Inde
401 764 546 792 sacratur
570 759 720 800 gradibus

295 809 330 840 In
358 807 473 840 divinis
498 806 673 846 ordinibus,

290 854 480 886 Praeficitur
503 854 536 884 in
558 853 686 893 populo,

295 901 386 933 Salus
413 904 444 931 et
468 900 656 932 benedictio.

433 984 638 1019 Responsoria.

264 1075 270 1082 .
300 1051 462 1082 110s1³erna
488 1051 538 1081 die
560 1049 674 1081 festum

342 1107 355 1128 i
372 1097 554 1129 merandum
578 1097 695 1136 populo

293 1144 492 1176 Celebremus
517 1143 690 1175 recolentes

342 1193 448 1223 sancto
475 1199 540 1221 cum
566 1191 728 1229 Auspicio,

293 1238 389 1276 Quem
414 1238 582 1269 meruimus
607 1237 723 1268 babere

341 1286 476 1324 primum
504 1285 610 1315 datvm
635 1283 822 1322 praesulem,

295 1332 436 1371 Ideoque
459 1331 543 1361 hunc
567 1339 733 1370 precamur

339 1387 395 1410 nos
421 1386 527 1409 omnes
551 1378 584 1409 in
608 1377 753 1417 invicem,

291 1425 336 1457 Ut
359 1434 418 1464 pro
443 1424 534 1456 nobis
557 1425 747 1456 intercessor

340 1472 497 1504 Christum
523 1472 576 1503 det
600 1471 798 1510 placabilem.

254 1543 261 1551 .
292 1519 378 1550 Ecce
402 1520 522 1558 primus
546 1521 656 1557 pastor
680 1521 787 1549 noster

338 1569 433 1605 atque
456 1568 578 1604 martyr
601 1564 737 1604 inclitus,

293 1613 389 1651 Quem
414 1620 472 1652 pro
498 1611 562 1643 fide
588 1614 769 1642 coronatum

340 1659 464 1691 Christo
488 1659 628 1697 iunctum
655 1658 823 1691 ored÷mus.

265 1750 271 1755 .
298 1725 361 1757 Hic
384 1724 544 1764 primaevo
571 1723 663 1755 datus
687 1722 764 1755 flore

334 1771 467 1812 juvenili
491 1771 614 1809 robore,

292 1820 376 1852 Satis
402 1818 488 1850 clara
512 1821 597 1849 satus
622 1818 722 1858 stirpe

338 1866 498 1897 Romanae
519 1865 698 1908 prosapiae,

289 1912 466 1945 Decoratus
492 1915 656 1944 venustate

336 1969 392 1991 suo
418 1962 465 1991 est
488 1959 520 1991 in
544 1962 696 1998 tempore,

289 2007 386 2045 Quem
410 2006 534 2038 Nereus
559 2007 705 2039 educavit

333 2054 479 2085 Achilleo
505 2054 617 2085 comite

287 2100 329 2131 Et
354 2103 487 2139 uterque
512 2101 565 2132 dat
590 2101 713 2131 renasci

339 2147 373 2178 in
397 2155 487 2178 sacro
512 2147 712 2187 baptismate.

252 2219 259 2226 .
289 2193 349 2224 His
373 2194 546 2225 instructus
571 2194 721 2225 eunuchis

336 2241 434 2272 sacris
461 2243 509 2271 est
532 2241 564 2271 in
589 2241 690 2272 literis

288 2287 403 2319 Procul
426 2287 526 2325 pulsis
552 2286 745 2319 confidenter

334 2334 546 2366 Romanorum
572 2334 698 2369 studiis,

854 96 901 131 24

919 191 951 222 3.
976 190 1060 221 Erat
1079 190 1198 221 Romae
1221 198 1307 230 papa
1330 189 1433 220 clarus

1024 237 1167 269 Clemens
1194 239 1220 267 et
1250 235 1466 267 sanctissimus

972 283 1125 315 Eruditus
1150 283 1181 314 in
1210 283 1362 317 doctrina,

1021 331 1070 361 vir
1093 330 1350 368 sapientissimus,

974 377 1025 407 Ad
1052 384 1142 416 quem
1167 376 1250 407 ultro
1278 378 1322 406 est
1348 372 1505 405 adductus

1018 423 1071 454 hic
1094 424 1201 453 noster
1224 422 1406 461 Auspicius‚

971 469 1017 501 Ut
1038 470 1077 501 ab
1104 477 1139 500 co
1164 468 1350 500 sublimetur

1017 516 1051 546 in
1076 516 1175 546 sacris
1199 515 1385 553 ordinibus3

901 562 939 593 V.
970 563 1063 594 Illum
1087 561 1240 598 Clemens,
1266 564 1300 590 ut
1325 559 1453 599 agnovit

1016 608 1203 647 prudentem
1231 610 1261 637 et
1285 607 1463 645 providum,

964 654 1140 694 Asloptavit
1164 653 1394 686 sublimandum

1018 702 1101 733 velut
1128 705 1220 740 pater
1243 699 1351 732 filium.

1035 805 1078 836 In
1105 805 1136 836 2.
1162 805 1220 837 No
1232 806 1266 834 et
1278 813 1349 834 urn
1361 812 1389 835 o.

1114 868 1307 904 Antiphonae.

911 928 942 959 1.
969 927 1115 967 Signatus
1141 926 1201 957 Dei
1225 927 1351 963 lumine,

968 973 1083 1006 Sancto
1108 976 1252 1004 sacratur
1276 973 1397 1013 ordino,

966 1020 1014 1052 Ut
1036 1020 1137 1052 solvat
1162 1018 1348 1051 sacrificium

966 1068 1028 1100 Pro
1052 1067 1169 1107 populo
1190 1067 1231 1099 ad
1255 1066 1434 1099 Dominum.

913 1134 945 1166 2.
968 1133 1105 1165 Intravit
1130 1133 1255 1164 domum
1278 1132 1405 1163 Domini

970 1180 1067 1211 Juxta
1089 1183 1294 1219 praeceptum
1320 1179 1430 1218 debiti,

969 1227 1063 1259 Scuto
1088 1229 1248 1265 protectus
1273 1225 1348 1257 fidei

969 1273 1122 1305 Goronam
1148 1275 1236 1313 regni
1261 1273 1385 1306 meruit.

910 1340 942 1371 3.
964 1339 1168 1371 Paulominus
1192 1339 1232 1370 ab
1255 1339 1376 1378 angelis

966 1385 1105 1417 Effectus
1127 1388 1175 1416 est
1198 1385 1362 1428 mirabilis,

967 1433 1078 1464 Palma
1103 1432 1196 1463 datur
1220 1435 1252 1464 el:
1276 1432 1396 1475 laurea,

966 1479 1104 1512 Locatur
1127 1488 1224 1519 super
1247 1479 1361 1512 omnia.

1106 1554 1312 1589 Responsoria.

910 1611 939 1645 1.
967 1610 1160 1642 Infantulum
1184 1620 1269 1651 papa
1295 1611 1437 1644 Clemens

1013 1658 1146 1690 tradidit
1171 1658 1324 1690 altaribus

966 1705 1010 1736 Et
1032 1706 1186 1737 monendo
1213 1704 1429 1738 confirmatum

1015 1752 1184 1784 destinavit
1209 1753 1365 1794 gentibus,

967 1799 1085 1838 Quibus
1110 1800 1222 1831 suadet
1247 1800 1422 1833 doctrinam

1015 1847 1204 1879 renovandis
1230 1846 1379 1887 fontibus,

966 1893 1012 1926 Ut
1027 1898 1199 1934 agnoscant
1212 1895 1370 1927 Christum
1388 1904 1516 1935 passum

1012 1941 1045 1972 in
1071 1950 1164 1973 cruce
1187 1951 1246 1982 pro
1271 1943 1399 1987 ovibus;

896 1987 934 2019 V*
963 1988 1035 2020 Hoc
1058 1992 1229 2029 praecepto
1254 1990 1343 2024 rudis
1367 1993 1478 2030 pastor

1016 2038 1046 2067 et
1070 2035 1190 2069 Christi
1215 2036 1381 2068 clientulus

967 2082 1134 2115 Ordinavit
1157 2093 1193 2115 se
1217 2084 1368 2116 committi

1012 2130 1122 2169 paucis
1149 2139 1217 2162 enm
1241 2130 1413 2164 sodalibus.

909 2196 939 2227 2.
966 2195 1029 2226 Hic
1052 2194 1213 2235 profectus
1238 2204 1300 2228 non
1327 2195 1469 2228 cessabat

1013 2242 1201 2281 praedicare
1224 2242 1385 2285 populum,

966 2288 1062 2326 Quem
1088 2289 1217 2321 videbat
1241 2291 1409 2330 pervagari

1012 2344 1072 2375 per
1095 2344 1173 2368 arva
1198 2345 1363 2368 erroneum
