1651 2588
741 118 902 153 -178
959 137 996 142 -

260 239 267 246 .
294 214 388 246 Scuto
412 215 513 247 bonae
537 213 705 247 voluntatis

338 261 433 293 Hunc
456 261 607 293 Dominus
631 261 772 300 protexit

292 308 337 339 Et
357 317 415 347 per
438 309 521 339 viam
546 307 711 347 aequitatis

341 354 476 386 Introire
501 354 625 387 direxit.

261 437 267 443 .
293 410 344 442 Ab
370 410 488 450 angelis
509 410 705 449 paulominus

338 457 483 489 Mitrium
510 456 659 497 minuisti,

294 503 396 543 Super
418 512 515 542 opera
540 503 659 534 eminus

338 551 447 590 1psum
474 549 671 582 constituisti.

431 615 636 650 Responscria.

266 691 272 698 .
299 663 409 696 Custos
434 662 545 694 vineae
567 662 695 694 Mitrius

340 710 463 742 Durum
487 709 607 749 patitur
630 709 785 742 aemulum

387 756 432 788 Et
454 757 681 795 insidiatorem,

294 804 380 837 Illati
406 802 482 835 furti
505 803 629 835 nescius

341 852 442 883 Levat
464 851 506 882 ad
529 850 631 882 Deum
656 850 779 881 oculum

387 898 568 930 Innocentis
589 899 741 939 tutorem3

256 971 264 979 .
294 945 433 977 Auditur
459 953 531 984 ergo
557 944 659 982 citius,

342 991 426 1023 Dum
450 992 570 1031 palmes
587 999 645 1030 per
661 990 844 1022 miraculum

390 1037 476 1070 Uvas
510 1037 573 1069 fert
596 1046 692 1076 supra
715 1046 842 1071 morem.

265 1120 271 1127 .
300 1094 410 1126 Clarus
435 1093 536 1132 plebis
557 1093 737 1124 exhortator

344 1140 483 1172 Salutem
508 1139 707 1172 adnuntiavit

393 1186 605 1225 Veritatisque
628 1186 739 1228 lucem,

298 1233 455 1265 Fervidus
481 1233 597 1265 Christi
620 1235 750 1273 amator,

347 1281 442 1319 Quem
468 1280 582 1311 caritas
606 1279 764 1320 animavit,

394 1326 438 1358 Ut
461 1326 560 1358 ferret
586 1326 652 1365 eJ'us
676 1335 809 1367 crucem,

261 1402 268 1408 .
299 1374 415 1406 Rectus
440 1381 561 1413 quoque
584 1372 723 1404 imitator

348 1420 554 1460 Semetipsum
576 1419 744 1459 abnegavit

395 1467 525 1499 Secutus
549 1468 569 1500 J
572 1475 657 1498 esum
683 1467 803 1502 ducem,

269 1552 275 1558 .
302 1525 423 1556 Bonum
448 1526 604 1555 cert-amen
629 1524 770 1565 certavit,

347 1571 462 1602 Passus
486 1579 548 1601 non
573 1569 673 1602 victus
698 1578 849 1609 superans

394 1617 596 1648 Tormentum
619 1616 769 1659 malitiae,

303 1664 433 1696 Cursum
458 1664 543 1695 vitae
567 1664 800 1704 consummavit,

351 1711 452 1742 Cursu
476 1710 552 1749 agili
572 1718 746 1749 properans

398 1756 451 1788 Ad
476 1756 619 1788 bravium
643 1756 778 1797 gloriae3

265 1832 271 1838 .
299 1804 411 1836 Fidem
438 1802 554 1835 Christi
577 1803 629 1834 hic
655 1804 802 1843 servavit,

350 1851 531 1889 Repositam
556 1850 739 1882 desiderans

398 1896 550 1929 Coronam
572 1897 720 1936 Justitiae.

366 1964 412 1995 In
438 1964 468 1996 3.
495 1963 721 1995 Nocturno.

446 2018 638 2054 Antiphonae.

272 2095 277 2101 .
304 2069 413 2101 Justus
439 2068 540 2099 cultor
561 2066 703 2106 justitiae

352 2114 444 2146 Vitae
466 2114 548 2145 luxit
571 2114 723 2153 exemplo,

306 2160 400 2200 Cujus
426 2161 576 2193 sanctitas
599 2160 694 2193 hodie

351 2208 514 2240 Recolitur
537 2208 570 2239 in
594 2208 722 2247 templo.

273 2289 280 2296 .
306 2265 470 2304 Ingressus
495 2264 732 2297 tabernaculum

353 2311 482 2343 Domini
506 2311 685 2353 requiescit,

308 2358 373 2391 Ubi
397 2360 557 2391 aeternum
582 2359 743 2399 speculum

355 2405 478 2439 Sanctis
503 2415 627 2447 semper
652 2406 805 2441 clarescit.

914 213 944 244 3.
971 211 1049 250 Tua,
1075 211 1219 249 Domine,
1245 210 1362 243 virtute

1015 258 1143 290 Mitrins
1167 256 1338 288 laetabitur

966 303 1008 335 Et
1034 304 1135 344 gloria
1160 312 1228 334 cum
1254 305 1370 335 virtute

1017 351 1127 382 Victor
1152 350 1362 382 coronabitur.

1114 415 1318 450 Responsoria.

915 464 946 496 1.
973 463 1089 495 Servus
1113 463 1264 502 prudens,

1016 510 1121 543 fidelis
1145 509 1308 551 probatus,

971 556 1074 598 Supra
1097 558 1195 589 multa

1017 613 1100 637 nunc
1123 604 1332 645 constituitur,

967 651 1024 684 Vir
1048 652 1181 683 illustris

1019 700 1188 731 clementer
1212 702 1340 730 vocatus

974 745 1128 779 Coelestia

1019 795 1106 826 dives
1130 792 1324 832 ingreditur3

901 841 939 874 V.
969 840 1022 872 Sic
1044 842 1182 871 meretur

1016 887 1144 919 Mitrius
1168 886 1289 927 beatus,

973 935 1011 966 In
1036 934 1154 965 talento

1016 982 1101 1020 juste
1126 983 1283 1019 operatus,

970 1027 1054 1059 Dum
1079 1027 1121 1059 ad
1145 1036 1266 1058 summa

1020 1075 1113 1114 digne
1136 1073 1331 1113 provehitur.

914 1133 944 1163 2.
971 1131 1159 1169 Assumptus

1020 1186 1090 1208 cum
1114 1176 1323 1210 exsultatione

971 1223 1123 1256 Laetatur

1019 1271 1052 1302 in
1076 1273 1254 1302 sanctorum
1277 1272 1408 1313 agmine,

973 1317 1031 1357 Qui
1056 1317 1088 1348 in
1113 1317 1222 1348 mundi

1020 1364 1225 1395 tribulatione

972 1411 1068 1443 Lavit
1091 1411 1203 1442 stolam

1019 1459 1052 1489 in
1079 1456 1196 1489 Christi
1221 1459 1389 1498 sanguine,

904 1504 941 1536 V.
971 1504 1034 1536 Hic
1060 1507 1185 1544 ereptus

1023 1552 1062 1584 de
1086 1551 1291 1590 temptatione

972 1598 1119 1631 Gloriosa

1019 1645 1135 1685 gaudet
1157 1645 1277 1677 visione

975 1691 1109 1723 Deitatis

1022 1739 1154 1770 amictus
1178 1738 1304 1773 lumine.

920 1796 950 1827 3.
978 1793 1109 1826 Gemma
1136 1795 1226 1835 coeli,

1026 1843 1119 1874 decus
1143 1843 1346 1884 Aquensium,

976 1888 1067 1921 Mitri
1091 1893 1209 1928 sancte,

1023 1945 1081 1975 pro
1105 1937 1168 1968 tuis
1193 1945 1334 1977 precare,

978 1981 1060 2015 Cura
1083 1984 1218 2025 morbos,

1025 2030 1115 2062 abole
1140 2031 1259 2071 vitium,

979 2077 1070 2109 Tolle
1092 2080 1208 2118 pestes,

1025 2123 1139 2157 festina
1160 2126 1292 2166 J'uvare3

909 2171 947 2203 V.
977 2172 1109 2205 Hostem
1133 2174 1245 2212 procul

1027 2220 1148 2259 repelle
1171 2221 1309 2261 noxium,

978 2265 1078 2298 Nobis
1101 2267 1213 2309 Deum,

1029 2314 1129 2345 redde
1152 2315 1335 2356 propitium,

980 2359 1059 2400 Fac,
1085 2361 1126 2392 ad
1151 2370 1221 2393 eum

1031 2410 1144 2441 cuncta
1165 2409 1340 2449 adspirare.
