1651 2588
723 148 981 183 —163—

273 241 353 273 Nam
378 243 483 282 ipsum
508 243 659 283 rogitant,

314 290 366 328 qui
391 290 491 329 pestis
516 291 658 330 pondere

263 336 387 369 Pressis
412 337 576 376 discipulis

314 382 375 415 fuit
399 384 578 425 praesidi03

227 457 234 464 .
264 429 361 462 Jussu
385 431 475 464 verbi
499 433 647 465 salutaris

264 477 504 518 Tranquillatur
529 482 630 511 motus
652 481 758 513 maris.

230 576 238 584 .
264 551 474 592 Applicantes

312 601 414 632 sancti
438 600 613 633 Massiliam

263 647 391 680 Intrant
415 647 526 680 urbem

310 703 483 735 navemque
507 696 665 735 deserunt,

263 740 313 773 Ibi
338 742 454 774 stultae

307 789 410 828 gentis
435 787 602 829 perfidiam

263 834 448 868 Sanctitatis

310 884 454 922 exemplo
480 886 655 923 conterunt,

263 929 308 962 Et
334 929 407 961 dum
433 929 563 962 verbum

308 976 421 1008 salutis
444 976 621 1018 proferunt,

260 1022 357 1055 Multi
382 1027 512 1056 currunt

307 1069 349 1100 ad
376 1070 494 1102 Christi
519 1071 668 1112 gratiam;

220 1142 228 1149 .
260 1115 341 1148 Nam
367 1126 444 1157 quos
468 1118 609 1157 praescit

305 1163 449 1198 internus
474 1164 605 1206 arbiter,

257 1211 364 1253 Amat,
391 1212 474 1251 regit

306 1260 338 1289 et
362 1258 465 1291 salvat
487 1259 619 1298 pariter.

205 1354 212 1360 -
230 1359 237 1366 .
264 1334 301 1366 In
326 1333 469 1373 Aquensi
495 1335 645 1366 comitatu

309 1380 384 1412 Sato
410 1381 522 1413 salutis
547 1382 666 1414 semine

259 1427 379 1460 Multos
405 1429 531 1460 solvunt
556 1438 574 1460 a
599 1431 689 1461 reatu

306 1474 463 1514 Baptismi
487 1475 569 1507 lotos
593 1474 731 1517 flumine,

257 1522 297 1554 In
322 1520 410 1553 fideli
435 1524 554 1554 stantes
579 1525 664 1555 statu

305 1568 421 1601 Sancto
445 1572 592 1602 servante
609 1569 757 1611 flamine3

214 1642 221 1649 .
254 1616 372 1648 Sancta
396 1617 513 1656 quippe

303 1666 469 1696 conservat
494 1664 630 1705 trinitas,

253 1711 337 1750 Quos
358 1711 392 1742 in
417 1711 533 1743 bonum

301 1758 459 1790 connectit
482 1758 596 1790 unitas.

311 1911 356 1943 In
382 1913 415 1945 3.
439 1911 672 1946 Nocturno.

390 1994 585 2031 Antiphonae.

217 2098 224 2105 .
251 2073 338 2112 Ergo
362 2072 448 2112 pulsi

300 2120 340 2152 de
364 2119 467 2152 Judae
492 2120 634 2152 terminis

252 2168 370 2201 Gentes
395 2168 507 2206 petunt

299 2215 419 2247 diversi
443 2214 580 2246 numinis

250 2263 295 2296 Et
321 2262 463 2294 delentes

299 2309 476 2342 doctrinam
502 2308 640 2342 Stoicam

247 2357 480 2392 Praedicarunt

296 2405 393 2438 fidem
420 2405 618 2439 catholicam.

894 246 924 277 2.
951 245 1137 277 Lustrantes
1162 245 1259 285 igitur

998 300 1163 332 regnorum
1187 292 1310 324 moenia

949 341 986 372 In
1012 339 1127 378 linguis
1152 339 1249 372 variis

996 388 1166 425 loquuntur
1191 386 1288 426 vana,

947 434 991 466 Et
1016 434 1099 472 quod
1124 433 1157 465 in
1182 433 1264 466 serie

996 480 1161 512 verborum
1185 480 1383 520 praedicant,

947 528 1094 560 Firmant
1118 528 1279 560 miraculis

995 578 1026 606 ct
1050 574 1147 613 signis
1172 574 1324 608 indicant.

889 634 919 664 3.
945 631 1000 663 Bis
1025 631 1121 670 quina
1143 630 1261 671 septies

994 678 1133 710 virorum
1158 678 1265 711 concio

944 725 1104 757 Sermonis
1128 726 1264 757 mittitur

995 773 1027 804 in
1052 772 1237 812 ministeriO‚

945 819 999 860 Ut,
1027 819 1110 858 quod
1135 829 1197 851 non
1221 822 1346 858 poterat

990 868 1116 905 patrum
1141 865 1306 907 fragilitas,

945 912 1066 944 Horum
1091 912 1260 952 perficeret

990 960 1045 999 pia
1068 960 1231 992 sedulitas.

1080 1051 1286 1088 Responsoria.

888 1119 919 1151 1.
945 1119 1145 1151 Incessanter

992 1165 1100 1197 divina
1123 1166 1312 1206 praedicans

941 1213 1037 1245 Rexit
1061 1213 1255 1252 Aquensium

991 1261 1045 1292 diu
1071 1260 1248 1303 dioecesim,

941 1306 1010 1339 Deo
1035 1306 1161 1345 plebem

989 1357 1019 1385 et
1044 1353 1113 1385 loca
1139 1355 1289 1386 dedicans

937 1401 982 1432 Et
1005 1400 1165 1432 subortam

987 1447 1137 1486 sugillans
1162 1448 1328 1491 haeresim,

940 1495 1042 1527 Deum
1068 1497 1099 1525 et
1122 1495 1278 1527 hominem

987 1551 1025 1574 on
1053 1550 1122 1573 esse
1144 1542 1306 1582 indicans3

870 1590 906 1623 V.
936 1589 1018 1621 Nam
1044 1589 1127 1628 quod
1152 1589 1239 1621 Deus

986 1639 1018 1667 et
1041 1635 1133 1668 homo
1161 1636 1287 1680 dicitur,

937 1684 1026 1716 Unus
1052 1691 1122 1714 esse

985 1729 1128 1763 Christus
1154 1730 1315 1765 asseritur.

878 1791 909 1822 2.
938 1788 1126 1821 Imminente

983 1835 1120 1867 dilectae
1143 1835 1280 1868 transitu

934 1884 1039 1916 Adest
1063 1881 1183 1914 Christi

983 1930 1124 1963 vocantis
1150 1930 1239 1972 visi0,

935 1979 981 2012 Ut
1005 1977 1055 2010 cui
1081 1979 1147 2008 toto

985 2024 1118 2057 servivit
1141 2024 1266 2065 spiritu,

937 2073 1098 2105 Foveatur

985 2121 1052 2160 ejus
1078 2119 1200 2162 solatio,

937 2169 973 2201 In
999 2169 1151 2199 immenso

985 2217 1127 2247 sumatur
1151 2214 1289 2255 ambitu3

867 2265 905 2297 V.
935 2264 960 2296 O
985 2262 1064 2296 felix
1089 2263 1320 2302 commercium,

984 2320 1002 2343 o
1026 2310 1173 2342 miranda
1196 2311 1349 2352 praemia,

939 2359 1018 2392 Cum
1042 2366 1100 2397 pro
1126 2359 1353 2399 temporalibus

984 2405 1163 2439 redduntur
1186 2406 1344 2439 coelestia.

1251 2461 1310 2491 11*
