1650 2587
702 105 958 139 —100—

255 199 366 232 Cuncti
391 199 507 242 valent,

298 243 421 279 cuneta*
434 249 507 278 sunt
529 255 692 289 prospera,

252 294 313 326 Dei
336 295 447 327 vivunt

295 340 432 381 protecti
456 340 595 372 dextera.

184 388 223 421 V.
258 386 391 420 Custodi
413 396 481 429 ποθ,
507 387 660 425 Domine,
684 386 721 418 ‘ut
737 394 802 424 pu-

246 434 370 474 pillam
393 433 486 473 oculi,
514 434 571 466 sub
593 433 710 465 umbra
734 431 802 463 αἶα-

252 491 327 513 rum
348 484 480 513 tuarum
497 483 628 521 protege
650 489 719 512 tuos.

198 539 229 570 2.
255 537 342 569 Nutu
366 536 436 576 Dei,

296 583 429 616 rectoris
454 582 601 623 omnium,

256 630 430 671 Aegritudo

297 677 454 709 subintrat
478 674 623 715 febrium,

256 724 310 756 Ad
332 724 481 756 honorem

295 770 395 811 ignoti
418 770 573 809 praesulis

254 817 435 850 Infirmatur

297 865 424 904 quidam
450 872 488 895 ex
513 862 650 895 famulis,

219 939 225 944 .
255 911 418 943 Dominus
444 910 536 950 erigit
559 910 660 948 elisos,
689 907 805 941 Domi-

254 967 317 990 ‘nus
345 957 455 997 diri-§tit
474 956 590 996 justos.

199 1016 231 1047 3.
257 1014 371 1046 Servus
396 1013 458 1044 Dei

298 1061 398 1092 tristis
424 1063 455 1090 et
477 1060 597 1099 anxius,

256 1107 306 1139 De
331 1105 497 1138 confratris

300 1155 401 1185 salute
427 1152 548 1195 dubius,

256 1200 322 1232 Iter
346 1208 440 1240 agens

301 1248 430 1286 plorans
453 1246 630 1286 ingreditur

260 1294 305 1325 Et
327 1293 488 1333 suspirans

301 1341 354 1380 pie
378 1340 588 1378 conqueritur.

190 1388 228 1420 V.
258 1387 354 1420 Salus
380 1391 487 1419 autem
505 1386 670 1426 justorum
693 1395 715 1418 α
737 1385 806 1418 Do-

258 1435 364 1476 mino,
394 1435 440 1466 est
456 1435 617 1473 protector
640 1442 749 1466 eorum
771 1433 809 1464 in

260 1484 401 1525 tempore
424 1480 650 1515 tribulationis.

354 1595 371 1627 1
380 1603 401 1625 n
424 1593 453 1624 L
461 1602 480 1624 a
489 1603 510 1624 u
521 1593 540 1624 d
548 1593 587 1624 ib
597 1603 618 1624 u
626 1602 651 1626 s,

404 1666 597 1701 Antiphonae.

205 1734 234 1766 1.
260 1732 374 1765 Febris
399 1732 533 1764 invaluit

303 1779 392 1811 Nulli
412 1779 615 1819 compatiens,

263 1828 340 1860 Cum
364 1827 432 1859 Deo
456 1826 584 1865 placuit,

304 1873 485 1914 Languidus
510 1873 645 1904 moriens

261 1921 378 1953 Emisit
399 1920 555 1960 spiritum.

206 1989 237 2019 2.
262 1985 394 2018 Praesul
419 1985 544 2025 quidem
568 1986 629 2017 hoc
651 1986 808 2028 ignorans,

262 2035 324 2066 Pro
348 2032 449 2065 salute
472 2031 581 2064 fratris
606 2042 708 2073 oram,

266 2079 390 2121 Affligit
414 2088 448 2110 se
472 2079 582 2111 crebro
605 2080 734 2119 plorans

311 2128 373 2159 Pro
398 2126 515 2158 sodalis
540 2126 692 2160 absentia.

872 202 903 234 3.

861 900 902 931 A.

863 1396 904 1427 A.

930 200 1153 233 Praesentatus
1178 197 1327 239 principi,

928 247 1041 278 Monet
1064 246 1167 278 nivem
1192 245 1303 287 recipi,

931 294 1083 333 Princeps
1108 294 1157 324 ira
1180 292 1319 324 tumidus

930 340 1100 380 Tamquam
1127 340 1211 372 canis
1236 339 1367 371 rabidus

930 387 1061 419 Servum
1086 386 1147 418 Dei
1170 386 1304 426 impet-it.

929 443 1056 475 Avertit
1081 451 1115 474 se
1140 443 1242 474 cultor
1266 442 1326 474 Dei

929 489 998 520 Nec
1021 490 1216 528 respondens
1245 489 1414 529 quidquam
1441 487 1479 526 ei,

929 537 967 568 In
993 544 1154 568 commune
1177 536 1327 575 princeps
1348 536 1431 567 ictus

928 582 1018 614 Diris
1039 582 1149 622 poenis
1175 586 1223 614 est
1245 581 1394 615 afflictus.

900 664 906 670 .
931 638 1030 670 Redit
1052 638 1179 678 praesul
1203 639 1246 670 ad
1271 639 1389 670 curiam

928 684 973 716 Et
996 685 1050 717 dat
1079 683 1215 716 offensae
1240 686 1373 725 veniam,

932 732 1130 763 Prostratum
1154 732 1219 763 suis
1243 732 1374 772 genibus

932 777 1031 811 Sanat
1054 776 1170 817 fugatis
1195 777 1348 812 febribus,

1042 852 1088 880 Ad
1106 852 1292 880 Benedictus.

933 900 1084 940 Princeps
1107 900 1232 932 itineris

977 948 1110 980 Causam
1134 948 1323 988 percipiens,

932 993 1003 1025 Non
1028 997 1122 1026 tenax
1147 995 1285 1026 muneris

975 1040 1110 1072 Munera
1134 1041 1272 1080 largiens

935 1085 1133 1119 Cendronum
1157 1088 1313 1128 praebuit,

976 1134 1077 1166 Villas
1101 1137 1133 1165 et
1157 1134 1230 1175 alia,

933 1180 1019 1219 Quae
1042 1181 1116 1221 poni
1142 1181 1242 1213 voluit

975 1228 1013 1259 In
1038 1227 1213 1268 privilegia.

1001 1322 1047 1353 In
1074 1323 1105 1354 2.
1131 1321 1346 1361 Vesperis.

939 1395 1135 1428 Christianae
1161 1397 1224 1428 dux
1248 1397 1386 1428 cohortis

933 1443 990 1476 Fit
1013 1451 1184 1483 praesagus
1208 1452 1284 1475 suae
1308 1443 1429 1486 mortis,

933 1490 1116 1530 Eapropter
1140 1490 1337 1522 Honoratum

935 1538 1065 1576 Quaerit
1087 1537 1173 1576 apud
1194 1538 1370 1573 Arelatum,

898 1607 905 1615 .
934 1584 1037 1616 Ambo
1061 1584 1156 1615 simul
1178 1593 1242 1616 una
1266 1585 1319 1617 die

933 1632 996 1663 Per
1021 1630 1172 1664 coelestes
1197 1632 1313 1671 gradus
1338 1633 1409 1664 viae

984 1677 1078 1709 Coelo
1102 1678 1232 1709 mittunt
1256 1679 1387 1714 animas.

1053 1751 1099 1778 Ad
1117 1752 1295 1788 Magnificat.

898 1824 906 1831 .
937 1799 1096 1832 Praesulis
1121 1800 1162 1832 ad
1186 1801 1324 1833 reditum

982 1846 1129 1879 Infirmus
1154 1847 1287 1889 obierat,

935 1894 1010 1925 Flet
1035 1894 1128 1926 decus
1155 1896 1342 1937 antistitum,

980 1941 1076 1980 Quem
1101 1950 1226 1981 semper
1249 1946 1420 1983 amaverat,

936 1987 1069 2020 Demum
1093 1989 1233 2021 tumbam
1258 1990 1369 2022 adiens

979 2034 1045 2067 Dat
1066 2036 1209 2074 ploratus
1233 2046 1303 2069 cum
1326 2037 1476 2077 lacrimis,

938 2080 1085 2121 Sepultus
1110 2083 1171 2114 hoc
1195 2084 1326 2116 audiens

979 2130 1129 2162 Procedit
1153 2130 1192 2162 ab
1216 2131 1347 2164 intimis.

269 2192 352 2219 Brev.
373 2200 425 2219 ms.
445 2192 670 2219 Tarentasiense
688 2199 762 2219 saec.
784 2189 829 2218 15.
853 2191 922 2219 Ood.
942 2193 1068 2222 Parisin-
1091 2192 1126 2222 18
1135 2192 1199 2222 000.
1220 2195 1253 2222 A.
1275 2211 1308 2215 —
1331 2197 1415 2224 Brev.
1435 2205 1489 2223 ms.

193 2231 416 2257 Tarentasiense
435 2237 510 2256 saec.
533 2228 575 2256 15.
597 2228 664 2256 Cod.
685 2228 854 2264 Lugdunen.
875 2227 940 2257 478.
956 2232 989 2258 Β.
1014 2248 1051 2252 -
1070 2232 1154 2259 Brev.
1174 2234 1400 2261 Tarentasiense
1419 2234 1489 2270 imp.

193 2267 332 2303 Lugduni
352 2265 434 2295 1519.
448 2267 479 2294 G.
500 2283 537 2286 —
554 2267 592 2294 In
611 2265 637 2294 1.
650 2268 734 2295 Noct.
750 2264 772 2292 Α
794 2264 819 2300 1,
839 2264 857 2294 3
877 2276 919 2302 sq.
940 2277 1078 2304 respuens
1097 2270 1237 2297 volubilis
1256 2280 1399 2307 prospera
1412 2272 1492 2299 vitae

196 2304 228 2332 Α.
254 2320 293 2324 —
317 2305 352 2332 In
372 2303 399 2331 2.
418 2305 503 2332 Noet.
525 2303 548 2331 Α
569 2303 595 2338 2,
615 2302 633 2332 3
651 2305 734 2332 Incre

195 2343 272 2380 peris
292 2344 326 2370 A.
346 2358 384 2362 —
402 2342 439 2369 In
457 2340 482 2369 2.
498 2343 557 2370 Ves
580 2362 586 2368 .
607 2341 629 2369 Α

195 2382 228 2409 B.
249 2395 285 2400 —-
306 2379 500 2415 AdMagn.A
522 2379 537 2407 1
557 2381 596 2408 Pr

558 2352 576 2378 P
779 2343 796 2369 ‘i

646 2379 716 2442 ἐξῇ
905 2381 953 2408 -Α,
1022 2421 1030 2427 ἦ
1064 2383 1103 2437 {ss

619 2431 660 2475 ἓ
746 2457 794 2479 ΒΤ.
819 2447 997 2477 mosset-'8
1030 2427 1063 2472 Χ.
1079 2429 1120 2488 ’ἑ

604 2486 656 2570 ξ
785 2505 936 2531 connecti
1050 2487 1116 2542 AR?

1043 2307 1136 2334 Laud.
1156 2308 1201 2335 ad.
1219 2309 1327 2336 Bened.
1349 2307 1371 2336 Α
1392 2306 1410 2337 3
1430 2318 1492 2336 mu-
