1651 2588
723 124 979 159 —174—

277 222 454 253 Destitutos
950 218 1050 250 Nobis
1074 219 1137 250 tuis

323 269 356 299 in
380 269 441 300 hac
464 267 590 299 miseria
1000 273 1148 297 succurre
1171 263 1298 295 famulis

278 316 347 347 Tua
370 323 465 355 prece
952 313 982 344 A
1008 312 1173 343 criminum

999 368 1055 391 nos
1080 359 1205 390 solvens
1232 357 1373 390 vinculis.

894 416 926 448 8.
953 415 976 447 O
1004 416 1181 447 consolator
1205 422 1390 455 pauperum,

998 462 1147 500 Mellone,
1174 460 1236 491 tuis
1260 459 1407 499 precibus

951 509 1042 548 Auge
1066 509 1217 540 virtutum
1239 515 1401 538 numerum

998 555 1043 586 Te
1069 556 1292 595 deprecantum
1318 554 1475 593 cordibus,

952 602 1011 641 Qui
1032 604 1080 633 tot
1103 611 1123 633 a
1146 601 1219 632 labe
1241 601 1393 633 scelerum

999 649 1043 681 Et
1066 647 1234 680 immundis
1259 647 1424 687 spiritibus

1046 697 1145 727 Prece
1170 694 1323 734 eripuisti.

323 361 461 394 transfer
487 361 528 392 ad
552 360 675 400 gaudia,

278 409 340 442 Ubi
367 409 523 441 Christum

326 456 413 488 vides
437 455 470 486 in
494 453 604 493 gloria.

221 532 251 563 7.
278 531 302 563 Ο
327 530 475 570 Menona,

325 576 378 616 qui
398 579 448 607 tot
470 574 630 606 miraculis

276 623 423 655 Claruisti

324 677 505 709 morumque
529 668 638 708 titulis,

282 773 363 799 Brev.
379 782 429 800 ms.
444 773 656 807 Rotomagense
678 780 752 799 saec.
769 769 812 798 15.
833 770 902 798 Cod.
918 770 1155 805 Sangenovefian·
1170 769 1238 797 BBl.
1253 766 1345 796 V111⁰
1359 767 1404 797 20.
1417 770 1451 797 A.
1467 782 1504 787 —

207 811 290 837 Brev.
317 819 369 837 ms.
390 811 602 845 Rotomagense
627 818 701 837 saec.
725 807 767 836 15.
795 807 864 835 (ted.
885 809 1073 843 Rotomagen.
1105 805 1168 835 201.
1189 807 1221 833 B.
1247 823 1283 827 ——
1307 808 1391 834 BreV.
1410 807 1503 834 Roto-

206 855 343 882 magense
364 849 432 883 imp.
453 848 607 882 Rotomagi
629 845 709 874 1491.
731 847 761 874 C.
789 859 826 864 —-
851 846 945 872 Prosa
963 843 989 878 2,
1014 844 1028 872 1
1048 845 1204 873 Revelavit
1221 844 1255 871 A.
1275 860 1313 864 —
1331 844 1377 871 Ad
1395 843 1502 872 Bened-

208 883 239 918 Α,
265 883 281 912 6
306 885 438 919 frequens
466 885 569 912 exsilio
593 885 623 917 A,
649 892 750 912 secans
777 882 880 911 exsilio
901 883 933 910 13.
960 897 997 901 —
1022 883 1058 910 In
1086 882 1113 910 2.
1133 883 1220 917 Vesp.
1250 882 1287 909 ad
1305 882 1403 918 Mag-n.
1425 880 1447 908 Α
1468 880 1503 908 de

209 924 352 950 communi
372 924 405 950 A.
425 938 459 943 —
480 922 537 949 Per
558 922 648 950 Oetav
669 920 715 948 ΑΑ
736 922 832 948 femen
852 920 910 948 Ao.

642 1068 687 1099 65.
730 1069 771 1099 De
791 1068 899 1098 sancto
920 1067 1063 1098 Menelao.

341 1157 369 1187 A
383 1157 402 1187 d
426 1155 462 1188 M
472 1164 491 1186 a
501 1158 514 1185 t
522 1165 542 1186 u
551 1155 613 1187 tin
622 1165 642 1186 u
651 1165 692 1189 m.
899 1157 928 1188 5.
956 1156 1124 1194 Susceptas
1147 1163 1166 1185 a
1190 1152 1380 1194 Theofredo‚

955 1202 1090 1241 Magnae
1112 1200 1288 1232 sanctitatis
1314 1201 1391 1240 viro,

412 1221 625 1248 Invitatorium.

281 1278 398 1317 Regem
422 1285 601 1318 supremum

324 1325 440 1356 trinum
465 1332 648 1356 veneremur
673 1327 705 1356 et
725 1333 828 1363 unum,

281 1371 339 1409 Qui
363 1380 469 1403 veram
493 1373 601 1402 sancto

328 1418 423 1450 vitam
448 1417 559 1449 tribuit
582 1418 736 1449 Meneleo.

345 1511 389 1542 In
417 1513 446 1544 1.
473 1510 698 1545 NocturnO.

428 1576 621 1611 Antiphonae.

250 1658 256 1665 .
283 1635 452 1666 Parentum
472 1633 593 1671 prolem
618 1633 759 1664 inclitam

282 1680 414 1712 Sanctus
438 1679 600 1712 Meneleus
625 1689 712 1711 suam

282 1727 472 1759 Honestavit
494 1726 675 1757 meritorum

281 1774 326 1805 Et
349 1774 455 1805 multis
480 1773 575 1813 signis
600 1773 759 1805 virtutum.

249 1855 255 1861 .
279 1830 402 1862 Relicto
426 1830 519 1869 patre
544 1831 576 1860 et
597 1831 698 1860 matre

280 1877 411 1908 Viarum
434 1876 495 1908 Dei
519 1885 625 1907 amore

281 1924 401 1963 Magna
424 1922 544 1963 gratiae
566 1923 680 1954 merita

281 1970 406 2002 Morum
432 1970 556 2002 ornavit
580 1970 731 2003 doctrina.

249 2055 255 2060 .
282 2027 461 2059 Innocentis
486 2026 570 2058 vitae
594 2029 697 2058 custos

285 2074 428 2113 ConJugii
452 2073 573 2112 respuit
597 2074 706 2113 nodos,

281 2121 326 2152 Et
351 2123 454 2152 castus
479 2120 649 2152 subarrhat
673 2123 790 2152 castam

281 2167 413 2200 Sensam
437 2167 589 2199 vocabulo
614 2176 770 2207 sponsam.

246 2250 252 2256 .
279 2224 463 2256 Dominicae
486 2224 615 2255 visionis

280 2272 399 2304 Vocem
423 2271 553 2303 audiens
577 2270 681 2303 fidelis

280 2318 471 2359 Andegavos
495 2318 610 2358 linquit
631 2317 719 2358 fines,

279 2367 496 2398 Arvernenses
520 2365 644 2405 quaerit
666 2365 766 2397 sedes.

955 1248 1011 1280 Sui
1034 1248 1100 1280 voti
1125 1256 1234 1279 causas
1257 1250 1413 1279 monstrat

956 1295 1000 1327 Et
1023 1296 1133 1327 salutis
1157 1294 1224 1326 vias
1249 1297 1365 1333 captat.

922 1376 927 1383 .
958 1352 1019 1384 Con
1023 1350 1196 1392 gregationi
1220 1359 1367 1390 superum

955 1399 1048 1430 Hunc
1071 1398 1170 1430 sociat
1192 1397 1253 1428 Dei
1277 1397 1379 1429 virum

955 1445 1047 1477 Eudo
1074 1445 1172 1477 abbas
1196 1444 1332 1486 inclitus,

956 1492 1067 1524 Gratia
1091 1491 1143 1531 qui
1166 1490 1227 1522 Dei
1251 1491 1372 1530 plenus,

1090 1584 1293 1618 Responsoria.

923 1669 929 1675 .
956 1642 1049 1674 Ortus
1074 1649 1256 1682 magnorum

1004 1689 1090 1720 clara
1115 1689 1155 1719 de
1179 1687 1279 1727 stirpe
1302 1688 1440 1720 virorum

957 1735 1078 1767 Claruit
1103 1734 1232 1767 eximius

1005 1782 1105 1814 cultor
1130 1781 1248 1813 Christi
1272 1782 1445 1823 Menelcus,

916 1853 923 1862 .
954 1829 1128 1861 Nobilitate
1152 1828 1257 1860 cluens

1001 1885 1122 1907 morum
1146 1875 1306 1915 probitate
1330 1875 1467 1909 refulsit.

924 1958 931 1965 .
956 1932 1123 1972 Septennis
1147 1932 1239 1971 pueri

1002 1980 1054 2019 pia
1079 1988 1167 2011 mens
1190 1978 1345 2012 famulans
1371 1980 1492 2020 deitati,

957 2027 981 2059 O
1007 2036 1057 2058 res
1082 2027 1237 2069 miranda,

1002 2077 1127 2113 patrem
1150 2076 1344 2114 matremque
1368 2074 1506 2115 reliquit,

918 2145 925 2153 .
956 2120 1025 2152 Jam
1052 2124 1137 2161 tunc,
1164 2120 1291 2153 Christe
1315 2121 1412 2164 Deus,

1004 2171 1060 2200 tua
1077 2169 1168 2208 jussa
1183 2177 1316 2208 sequens
1333 2169 1508 2201 Meneleus

923 2248 930 2256 .
956 2224 1035 2256 Diro
1061 2224 1196 2257 carnalis

1006 2272 1162 2304 cruciatus
1187 2272 1319 2304 verbere
1342 2272 1443 2311 patris

960 2319 1102 2351 Perstitit
1125 2317 1279 2350 infractus

1008 2366 1113 2400 divino
1136 2364 1263 2399 flamine
1287 2369 1398 2409 tactus,
