1650 2587
718 97 952 134 —49—

200 198 232 229 4.
260 197 348 229 Nihil
373 197 476 228 laesus
501 196 672 227 exsultavit

302 244 515 276 Flammarum
540 243 572 274 in
596 242 712 282 medio,

260 290 378 322 Carnes
404 290 470 329 ejus
496 290 640 321 exaravit

302 337 497 376 Ungularum
517 337 633 376 passio,

202 393 234 424 5.
260 392 363 432 Caput
387 392 455 431 ejus
480 393 657 432 amputavit

303 439 472 479 Tyrannus
499 448 569 471 cum
594 439 712 482 gladio,

255 485 310 518 Sic
334 487 376 518 ad
401 490 526 526 patrem
552 487 726 526 exspiravit

304 533 432 565 Patiens
457 542 516 573 pro
541 532 617 566 filio.

197 591 228 623 6.
253 590 352 631 Ergo,
379 589 513 628 Christe,
539 589 586 622 fili
610 590 727 633 David,

306 637 411 677 Ipsius
436 637 584 678 suffragio

253 683 355 715 Nobis
381 685 472 727 dona,
500 694 593 725 quam
618 684 751 725 optavit,

304 732 342 764 In
369 732 499 763 coelesti
525 732 604 764 solio

302 779 475 811 Aeternam
500 779 643 820 gloriam.

351 873 395 905 In
418 873 447 906 L
456 883 504 905 au
514 874 554 906 di
564 873 584 905 b
597 883 617 905 u
626 882 651 906 s,

400 938 596 974 Autiphonae.

202 996 235 1028 1.
260 996 393 1028 Indutus
419 994 640 1028 fortitudinem

305 1045 399 1083 atque
425 1043 569 1075 decorem
595 1042 714 1082 gloriae

257 1091 335 1122 Post
360 1090 500 1122 devictos
525 1089 687 1121 mirabiles

304 1137 379 1169 elati
403 1138 502 1169 maris
526 1136 671 1168 turbines

255 1184 389 1216 Athleta
411 1187 523 1224 regnat
546 1184 672 1216 Blasius

304 1240 371 1263 cum
399 1231 524 1263 Christo
548 1232 581 1263 in
607 1229 807 1263 coelestibus.

202 1289 233 1320 2.
261 1289 390 1320 Interno
415 1287 529 1318 mentis
551 1287 652 1326 Jubilo

255 1334 347 1366 Laeti
372 1334 490 1366 servite
513 1334 659 1372 Domino,

260 1382 342 1413 Oves
369 1381 436 1419 eJus
462 1383 493 1412 et
516 1381 670 1420 populus3

257 1428 294 1459 In
320 1428 473 1467 adspectu
497 1435 623 1466 semper
648 1427 714 1465 ejus

261 1475 321 1506 Pro
344 1475 435 1507 nobis
461 1477 531 1506 oret
550 1474 687 1506 Blasius.

200 1523 232 1555 3.
260 1521 316 1561 Te,
343 1531 465 1553 summa
487 1521 556 1553 veri
579 1520 698 1561 gaudii,

257 1569 463 1609 Agonizantis
488 1568 587 1600 Blasii

258 1615 375 1648 Sancta
398 1616 498 1647 sitivit
523 1616 628 1647 anima

255 1663 301 1695 Et
326 1672 398 1694 caro
423 1662 610 1702 multiplicia

256 1711 320 1743 Per
344 1713 570 1742 tormentorum
595 1717 721 1749 genera,

256 1757 333 1796 Quo,
359 1766 537 1797 precamur,
562 1759 748 1797 perpetuam

254 1805 482 1845 Adipiscamur
505 1804 648 1845 gloriam.

879 197 911 230 4.
937 196 1055 228 Fontes
1080 198 1112 227 ct
1135 204 1236 236 aquae
1259 195 1347 227 lacus

983 246 1015 274 ct
1037 252 1125 275 marc
1150 251 1256 283 regem
1280 242 1408 274 laudate

938 291 976 322 In
1002 291 1090 329 cujus
1116 290 1210 322 laude
1235 299 1332 330 aquas

985 336 1135 377 profundi
1160 337 1286 369 Blasius
1310 336 1373 368 laci

938 383 1072 424 signans
1096 384 1229 415 intravit

985 440 1023 463 ac
1047 431 1130 463 sicco
1147 430 1230 470 pede
1245 430 1487 470 perambulavit.

880 498 910 529 5.
937 496 1130 536 Terrigenae
1154 496 1268 536 cuncti,

940 543 1105 575 Coelicolis
1127 543 1229 582 juncti

936 590 974 621 111
999 590 1161 622 Laudibus
1188 589 1306 622 Christi

940 635 1107 668 Laudifiua
1130 645 1208 669 voce

939 683 1073 715 Domino
1100 686 1235 723 cantate,

938 731 1036 770 Quem
1061 731 1242 763 collaudant
1267 731 1368 763 sancti

938 778 1027 809 Mors
1053 781 1085 809 et
1108 779 1174 810 vita
1197 778 1306 810 Blasii.

1052 880 1097 907 Ad.
1115 880 1298 908 Benedictus.

868 948 908 981 A.
933 948 958 980 Ο
985 948 1136 987 splendor
1161 948 1248 988 solis=

986 995 1038 1034 qui
1063 997 1191 1026 terrena
1214 994 1321 1026 nubila
1347 994 1441 1035 tollis,

939 1042 977 1074 In
1001 1050 1098 1081 regno
1125 1042 1211 1080 cujus

986 1088 1181 1127 splendescit
1205 1088 1335 1128 spiritus
1362 1087 1454 1126 hujus

937 1133 1045 1167 Fortis
1070 1136 1243 1175 agonistae,

985 1190 1043 1221 per
1068 1182 1144 1214 cum'
1162 1182 1220 1213 tibi
1243 1181 1405 1221 supplicat
1431 1181 1490 1211 iste

939 1228 1025 1261 Grex
1050 1232 1131 1269 tuus,
1157 1229 1284 1261 illustra

986 1275 1173 1308 confirmans
1206 1278 1337 1316 pectora
1369 1278 1487 1308 nostra.

1008 1427 1053 1458 In
1081 1429 1112 1461 2.
1139 1426 1354 1465 Vesperis.

1059 1500 1104 1528 Ad
1124 1499 1301 1537 Mag-nificat.

867 1569 907 1600 A.
934 1567 1089 1608 Agonista
1112 1570 1234 1607 martyr
1257 1567 1355 1607 Blasi‚

986 1616 1114 1655 praesul
1142 1615 1355 1656 dilectissimo,

938 1662 997 1701 Qui
1022 1671 1191 1702 suspensus
1217 1671 1286 1694 eras
1311 1662 1407 1702 ligno,

983 1709 1182 1742 obtruncarIS
1206 1710 1320 1749 capite,

933 1757 1020 1789 Audi
1046 1758 1181 1788 clemens
1205 1766 1317 1797 preces
1342 1760 1468 1789 nostras

985 1807 1017 1836 et
1040 1807 1172 1844 peccata
1198 1804 1294 1837 dilue.

258 1889 343 1917 Brev.
371 1898 422 1917 ms.
445 1889 683 1917 Claromontensc
704 1897 779 1917 saec.
801 1886 844 1916 15.
870 1888 939 1916 Cod.
961 1889 1085 1917 Parisin.
1108 1889 1202 1917 Nouv.
1230 1897 1292 1925 aeq.
1316 1887 1378 1916 116.
1399 1890 1432 1916 A.
1457 1903 1490 1908 —

182 1927 266 1955 Brev.
293 1936 346 1955 ms.
372 1927 529 1955 Aniciense
555 1935 630 1955 saec.
660 1925 702 1954 15.
730 1926 799 1954 Cod.
823 1927 948 1954 Parisin.
969 1926 1092 1961 (Arsen.)
1116 1925 1181 1954 277.
1208 1928 1241 1954 B.
1266 1941 1301 1945 —
1327 1928 1411 1955 Brev.
1440 1936 1491 1954 ms.

183 1965 422 1993 claromontense
447 1974 522 1993 saec.
546 1963 589 1993 15.
624 1965 694 1992 Cod.
722 1963 962 2001 Sangenovefian.
986 1965 1056 1992 BBI.
1076 1965 1133 1992 15⁷⁰
1155 1963 1198 1992 14.
1222 1964 1253 1992 C.
1274 1979 1310 1983 —
1330 1966 1415 1993 Brev.
1440 1974 1492 1992 ms.

183 2004 424 2031 Claromontense
450 2005 521 2030 anni
542 2001 623 2032 1335.
645 2003 715 2030 Cod.
737 2003 951 2031 Claromonten.
972 2002 999 2029 A
1016 2001 1037 2030 4
1056 2011 1079 2029 c.
1099 2003 1136 2030 D.
1161 2016 1193 2021 —
1214 2003 1299 2030 Brcv.
1320 2012 1373 2030 ms.
1395 2003 1479 2030 Clare

184 2045 335 2069 montense
355 2042 425 2068 anni
448 2039 529 2068 1454.
559 2041 628 2068 Coti.
649 2041 864 2068 Claromonten.
886 2038 931 2068 ’73-
952 2040 987 2068 Ε.
1010 2055 1046 2059 -
1067 2041 1152 2068 Brev.
1172 2049 1224 2068 ms.
1246 2041 1402 2068 Aniciensc
1416 2049 1490 2069 saec.

185 2078 228 2107 15.
251 2078 320 2107 Cotl.
336 2079 431 2114 Capit.
447 2079 580 2106 Anicien.
601 2088 624 2106 s.
645 2088 672 2106 n.
692 2079 724 2107 F.
745 2093 782 2097 -—
796 2079 880 2106 Brev.
897 2079 1069 2106 Arelatense
1090 2080 1158 2113 imp.
1174 2078 1286 2105 Arelati
1308 2076 1389 2106 1501.
1406 2078 1438 2106 G.

256 2118 292 2145 In
315 2115 338 2144 1.
351 2117 441 2152 Vesp.
463 2116 500 2144 ad.
518 2117 618 2153 Magn.
633 2116 655 2143 Α
678 2116 752 2144 fehlt
764 2116 798 2143 A.
813 2131 850 2136 -
867 2116 941 2144 Ibid.
957 2114 975 2143 2
995 2116 1089 2144 Blasii
1108 2116 1181 2143 fehlt
1193 2116 1226 2143 B.
1249 2130 1283 2134 -
1298 2115 1378 2143 Statt
1397 2116 1491 2144 dieser

182 2154 204 2182 Α
226 2155 304 2183 steht
325 2156 357 2182 in
377 2156 416 2183 F:

408 2202 562 2230 Praesulis
583 2203 615 2229 iu
633 2202 721 2230 laude
740 2203 842 2235 Blasii,
863 2201 935 2229 Sion
956 2210 1047 2235 sacra,
1068 2201 1170 2238 gaude,

412 2240 586 2276 Christoque
606 2241 646 2267 sit
665 2240 734 2268 data
752 2240 817 2268 laus
838 2242 890 2267 tua
909 2242 939 2267 et
956 2248 1016 2267 vox
1035 2242 1089 2266 tua
1107 2236 1225 2275 [grata],

408 2280 452 2307 Ut
471 2287 557 2314 prece
576 2278 682 2306 devota
701 2281 818 2306 resonet
836 2280 888 2306 tua
908 2279 1009 2305 concio
1029 2280 1100 2304 tota.

180 2328 216 2355 Iu
238 2325 263 2354 1.
275 2328 359 2356 Noct.
383 2325 403 2354 R
426 2325 450 2361 1,
472 2324 489 2353 2
511 2326 654 2362 praeclari
674 2326 747 2354 fehlt
760 2326 800 2361 A3
822 2326 932 2354 Christi
950 2325 1025 2353 fehlt
1039 2325 1094 2353 OE.
1122 2340 1150 2344 —
1169 2325 1247 2353 Statt
1265 2326 1360 2354 dieses
1375 2323 1396 2352 R
1417 2325 1493 2353 steht

182 2367 213 2392 in
235 2365 260 2393 G
280 2366 332 2393 das
353 2365 503 2401 folgende:

238 2417 364 2442 Dreves.
381 2415 502 2438 Historiae
516 2415 670 2443 rhythmicae.
697 2414 740 2437 111.

1303 2409 1322 2438 4
