1650 2587
269 168 315 201 In
342 171 373 204 3.
398 168 457 201 No
468 171 627 201 cturno.

356 232 550 269 Antiphonae.

153 290 183 322 1.
210 291 248 323 In
271 290 407 323 Domino
433 290 593 322 confidens

209 337 254 368 Et
277 337 457 376 praesidem
483 337 630 368 deridens

209 384 382 417 Tormenta
404 392 468 415 non
492 383 597 414 timuit

209 430 279 461 Nec
302 433 439 462 tortores
462 429 595 462 horruit.

180 510 186 516 .
213 486 378 526 Ingressus
403 485 472 517 sine
495 485 620 516 macula

259 533 465 573 Operansque
485 531 642 570 justitiam

209 579 275 611 Hic
296 582 353 611 tua
376 577 583 609 tabernacula

260 626 369 666 Elegit
394 624 521 656 domum
543 624 716 664 propriam.

184 709 190 716 .
217 682 341 714 Corona
365 681 405 713 de
425 680 534 720 lapide

263 728 409 762 Pretioso
435 728 613 768 decoratur,

215 777 383 816 Purpurea
408 775 576 815 chlamyde

264 823 303 855 In
329 822 462 855 excelsis
484 822 666 855 honoratur.

355 888 562 923 Responsoria.

183 963 189 970 .
216 937 315 969 Omne
339 944 437 977 genus
460 937 688 966 tormentorum

214 984 252 1015 In
279 986 450 1022 conspectu
474 981 637 1013 beatorum

261 1030 429 1061 Oculorum
451 1028 598 1067 ponitur3

214 1076 338 1107 Ferrea
360 1074 457 1114 igitur
481 1082 585 1104 serras

214 1122 312 1153 Velut
335 1120 457 1160 gladios
482 1118 621 1151 nefarios

215 1167 345 1199 Habens
370 1167 404 1198 in
429 1174 463 1196 se
486 1168 567 1204 rota,

214 1213 262 1245 Ut
285 1211 472 1244 concludam
497 1212 634 1254 breviuS,

215 1259 375 1297 Quidquid
398 1260 505 1296 potest
527 1258 653 1297 gravius

215 1305 365 1345 Cogitari,

213 1351 309 1383 Jubet
332 1358 462 1390 praeses
486 1351 692 1393 praeparari3

215 1398 279 1429 Sed
303 1400 426 1435 martyr
449 1396 602 1436 Georgius

213 1444 323 1476 Mente
347 1445 412 1476 stat
434 1443 572 1478 immota.

176 1518 183 1525 .
212 1491 333 1522 Aurum
352 1491 385 1522 in
411 1488 539 1522 fornace

215 1537 453 1577 Comprobatur,

215 1583 261 1616 Ut
283 1583 408 1615 fruatur

215 1630 373 1669 Perpetua
396 1637 484 1668 pace.

182 1711 188 1717 .
215 1685 269 1717 Sic
291 1685 397 1718 vinum
423 1685 556 1723 elicitur,

216 1732 293 1764 Cum
316 1732 437 1763 calcata
461 1731 615 1770 premitur

259 1778 332 1811 Uva
356 1778 518 1817 torculari,

213 1825 266 1857 Sic
291 1833 422 1856 excussa
445 1825 538 1864 palea

213 1873 267 1904 Ad
289 1872 404 1904 horrea

261 1919 402 1951 Granum
425 1918 519 1949 modo
542 1918 632 1957 pari,

176 1991 183 1998 .
215 1966 269 1999 Sic
290 1967 440 2005 maiorem
466 1965 522 1997 dat
544 1965 672 1996 odorem

261 2013 348 2044 Thus
372 2012 522 2051 injectum
545 2011 681 2052 ignibus,

217 2060 332 2092 Sonum
358 2059 466 2091 reddit
489 2059 632 2090 altiorem

265 2106 393 2138 Chorda
414 2108 505 2137 tensa
527 2106 683 2138 manibus

180 2186 189 2195 .
217 2162 328 2202 Coepit
351 2170 480 2202 praeses
506 2162 697 2201 contristari,

216 2209 257 2241 Se
281 2219 300 2241 a
323 2211 433 2241 sancto
458 2209 603 2249 superari

260 2256 461 2288 Erubescens
485 2257 586 2288 doluit

261 2303 306 2335 Et
331 2303 440 2335 dolens
465 2303 605 2344 erubuit3

762 74 808 109 82

887 168 1061 201 Conversus
1085 168 1127 201 ad
1150 167 1213 199 alia

884 214 986 253 Impia
1010 214 1142 246 consilia

889 261 999 293 Cessat
1020 270 1040 292 a
1063 258 1238 299 suppliciiS,

891 306 1015 347 Cogitat
1035 305 1199 338 blanditiis

890 353 988 384 Posse
1011 355 1147 384 mentem
1170 347 1342 382 immutari.

853 426 859 432 .
890 399 1010 431 Ridens
1034 400 1156 437 martyr
1179 395 1394 427 blandientem

890 446 1000 484 Aeque
1024 446 1107 476 sicut
1131 443 1344 475 deterrentem

891 491 1049 530 Exaltari,
1076 488 1221 521 coronari
1245 487 1369 519 meruit.

991 630 1039 661 In
1063 626 1289 659 Laudibus.

1036 711 1230 748 Antiphonae.

862 805 870 813 .
892 780 930 812 In
954 788 1116 812 aeternum

943 827 1089 868 regnavit
1110 826 1274 864 Dominus,

900 874 995 913 Cujus
1021 873 1110 913 regni

941 930 1003 952 non
1029 920 1089 952 erit
1112 920 1274 952 terminus,

863 1020 869 1027 .
896 995 1038 1027 Jubilate
1063 996 1095 1025 et
1117 994 1234 1025 servite

941 1041 1077 1073 Domino
1100 1040 1133 1071 in
1158 1040 1266 1072 sobria

987 1087 1216 1129 Exsultatione‚

895 1134 1007 1166 Portas
1033 1134 1099 1173 eJ'us
1120 1133 1249 1164 introite

939 1181 984 1212 Et
1006 1180 1105 1220 ipsius
1130 1180 1213 1211 atria

986 1227 1023 1258 In
1049 1225 1254 1258 confessione.

861 1325 868 1333 .
894 1301 946 1332 Ad
970 1304 1004 1332 te
1030 1302 1070 1333 de
1092 1301 1163 1333 luce
1187 1300 1293 1341 vigilo,

893 1347 980 1379 Deus
1003 1356 1102 1387 meus,

939 1398 971 1426 et
994 1395 1052 1427 tibi
1073 1394 1176 1433 jubilo

893 1441 1008 1473 Procul
1032 1441 1123 1481 pulso

935 1498 955 1520 a
980 1489 1075 1520 corde
1098 1487 1215 1519 nubilo.

858 1587 867 1595 .
892 1563 1067 1595 Benedicat
1091 1566 1263 1594 creatorem

940 1610 1046 1642 Omnis
1072 1612 1225 1652 creatura,

893 1656 988 1687 Suum
1014 1657 1137 1696 plasma
1160 1657 1394 1697 plasmatorem,

937 1702 1105 1735 Factorem
1129 1702 1262 1737 factura.

859 1804 866 1810 .
893 1777 957 1818 Sol,
981 1779 1058 1811 luna
1082 1781 1114 1809 et
1137 1779 1242 1811 omnia

893 1824 979 1856 Coeli
1002 1825 1171 1857 luminaria

938 1872 1085 1904 Laudent
1110 1872 1221 1913 Deum,

892 1918 953 1957 Qui
975 1919 1107 1959 propria
1128 1921 1272 1959 potentia

894 1964 1009 1998 Curvat
1033 1967 1177 2005 imperia.

1008 2059 1055 2087 Ad
1074 2060 1257 2088 Benedictus.

855 2141 861 2147 .
892 2116 1083 2149 Benedictus

892 2163 961 2195 Rex
986 2165 1133 2205 invictus,

892 2210 954 2242 Pro
979 2220 1038 2251 quo
1063 2212 1170 2243 multis
1196 2215 1245 2244 est
1268 2212 1404 2244 afflictus

939 2258 1101 2290 Pressuris
1126 2258 1291 2299 Georgius,

943 2303 1042 2336 Nobis
1067 2306 1109 2337 sit
1132 2307 1298 2346 propitius.
