1650 2587
279 216 324 247 Et
347 216 543 247 monstrabat
565 216 647 248 viam
673 217 757 249 vitae

329 265 451 294 euntem
477 263 517 295 ad
544 262 721 305 Dominum,

281 309 333 340 Sic
355 310 499 348 pervenit
527 309 700 341 destinatus

327 357 368 387 ad
395 356 478 387 cives
503 356 708 395 Aptensiun13

213 404 249 436 V.
281 402 344 434 Ubi
370 402 473 441 coepit
498 403 684 443 praedicare

324 457 437 480 nomen
462 449 577 482 Christi
602 449 731 491 civibus,

278 496 527 535 circumquaque
552 496 756 528 crediderunt

322 542 447 582 plurimi
477 543 516 574 de
540 544 695 582 gentibus.

217 611 247 641 3.
273 609 488 648 Introgressus
515 609 672 641 civitatem

321 656 371 687 vir
398 655 460 687 Dei
484 656 655 695 Auspicius

279 703 390 742 Coepit
411 702 507 735 fidem
532 703 684 735 trinitatis

322 750 539 782 demonstrare
563 750 717 793 gentibue,

274 796 376 828 Deum
388 800 523 838 patrem,
541 797 641 829 Deum
655 797 824 839 Christum,

321 844 423 876 Deum
449 848 591 876 sanctum
616 844 762 885 spiritum

270 891 315 922 Et
338 892 368 923 in
397 891 445 923 his
469 893 571 924 tribus
596 892 740 931 personis

320 947 414 970 unum
440 947 508 970 esse
532 939 713 978 Dominum,

273 985 317 1016 Et
341 995 403 1018 non
428 995 522 1025 posse
546 986 689 1026 separari

320 1033 351 1064 in
376 1033 446 1064 usia
469 1033 623 1073 solidum3

201 1080 240 1112 V.
270 1079 375 1111 Unum
398 1079 510 1124 Deum,
536 1089 630 1111 unam
654 1078 749 1112 fidem

319 1127 352 1158 in
376 1136 437 1159 uno
463 1127 661 1167 baptismate,

273 1173 460 1206 Unctioneni
485 1175 668 1215 percepturi

319 1224 520 1254 sacrosancto
547 1222 725 1264 chrismate,

272 1268 506 1310 Praedicamus,
531 1270 615 1309 quod
641 1273 791 1312 tenemus,

318 1319 350 1347 et
375 1324 429 1348 vos
452 1317 499 1348 ita
524 1317 652 1349 credite.

337 1448 436 1480 1113.
464 1447 691 1481 NocturnO.

412 1521 434 1548 A
439 1523 606 1558 ntiphonae.

212 1589 242 1623 1.
269 1589 434 1629 Ingressus
459 1590 528 1621 sine
552 1591 676 1622 macula

266 1636 303 1667 In
330 1636 447 1669 Clnisti
472 1637 677 1669 tabernacula

269 1683 418 1715 Gaudens
443 1693 569 1724 semper
592 1684 763 1717 laetabitur

261 1731 306 1763 Et
327 1732 393 1771 jam
418 1740 481 1763 non
508 1732 763 1765 commovebitur.

209 1800 240 1831 2.
266 1798 369 1830 Tuum
391 1798 566 1838 praevenit,
592 1798 736 1839 Domine,

266 1846 386 1878 Positio
413 1845 590 1878 dulcedinis

265 1894 453 1933 Auspicium
477 1892 658 1933 pontificem

264 1940 433 1981 Unguento
458 1941 542 1973 sacri
567 1941 698 1982 ordinis,

267 1987 324 2020 Cui
346 1989 445 2021 vitam
472 1989 528 2020 das
552 1992 725 2032 perpetem,

263 2035 312 2067 Tu
339 2036 422 2068 dona
446 2036 537 2068 nobis
562 2037 713 2076 requiem.

230 2129 236 2135 .
261 2103 405 2145 Auspici‚
433 2111 532 2143 sacer,
558 2102 718 2141 innocens,

262 2150 300 2183 In
324 2150 387 2182 Dei
411 2158 508 2189 regno
533 2154 735 2191 praepotens,

263 2198 322 2236 Qui
347 2206 461 2238 regnas
487 2205 557 2228 cum
581 2198 786 2239 martyribus,

262 2246 376 2277 Vicisti
402 2253 471 2276 cum
496 2245 678 2286 victoribus,

263 2292 420 2325 Succurre
444 2292 535 2324 nobis
561 2294 705 2326 omnibus

261 2341 305 2373 Et
330 2342 371 2374 da
393 2340 500 2381 quieta
523 2343 677 2381 tempora,

260 2388 318 2427 Qui
344 2391 432 2421 tenes
457 2388 563 2428 ampla
587 2389 725 2422 saecula.

836 122 880 157 25

900 283 931 315 1.

1095 217 1300 253 Responsm-ia.

958 282 1080 315 Crescit
1103 282 1194 322 fides,
1220 284 1352 315 eredunt
1379 286 1488 324 gentes

1003 330 1208 368 praedicante
1232 331 1388 370 praesule,

955 375 1171 408 Destruuntur
1195 375 1340 408 infideles

1004 423 1107 454 cultus
1131 424 1310 467 idolatriae,

954 468 998 500 Et
1022 472 1057 501 ut
1082 470 1248 503 Dominum
1273 471 1418 511 adorent,

1002 516 1176 549 fundantur
1201 519 1370 558 ccclesiae;

883 562 921 595 V.
949 563 1090 603 Populus
1114 564 1219 596 fidelis
1245 564 1347 597 factus

893 791 924 821 2.

879 1261 917 1294 V.

1000 612 1137 643 laetatur
1160 613 1193 643 in
1218 612 1363 652 Domino,

951 657 994 689 Et
1012 658 1151 698 gaudent
1164 660 1328 691 credentes
1342 660 1503 691 Christum

1002 706 1134 737 docente
1157 707 1319 746 Auspicio.

951 789 1124 822 Nuntiatur
1148 791 1208 823 hoe
1230 791 1346 832 iniquis

1000 837 1150 869 Romanis
1173 838 1380 880 principibus,

954 883 1043 922 Quod
1069 885 1200 917 virtutes
1226 888 1376 925 operatur

999 930 1143 970 pontifex
1168 932 1349 973 AuspiciuS,

951 978 1085 1009 Mittunt
1109 979 1259 1018 quosdam
1285 980 1459 1012 saevientes

1002 1034 1070 1056 curn
1095 1034 1228 1066 nequam
1255 1027 1430 1067 lictoribus,

953 1072 999 1105 Ut
1023 1072 1157 1104 adorent
1182 1073 1264 1105 cives
1291 1074 1366 1106 deos

994 1120 1131 1159 repletos
1159 1121 1372 1160 daemonibus,

950 1165 1004 1197 Sin
1030 1166 1188 1206 plectatur
1212 1168 1348 1207 primum
1372 1173 1482 1208 pastor

997 1222 1067 1245 cum
1091 1215 1156 1246 suis
1179 1216 1384 1258 sequacibus3

946 1260 1018 1292 Hae
1043 1260 1082 1292 de
1104 1270 1198 1294 causa
1223 1263 1294 1301 pius
1316 1265 1444 1302 praesul

1000 1310 1110 1348 captus
1134 1309 1166 1340 in
1194 1310 1325 1341 concilio

951 1354 1061 1387 Jussus
1085 1358 1140 1398 est,
1165 1359 1201 1388 ut
1227 1357 1281 1388 det
1302 1356 1441 1389 libamen

996 1401 1090 1434 nefas
1116 1402 1283 1444 sacrificio,

950 1448 1041 1486 Quod
1066 1451 1250 1488 persolvunt
1274 1452 1386 1482 summi
1412 1460 1500 1491 reges

994 1496 1137 1528 Romano
1161 1497 1291 1537 palatio,

915 1606 921 1612 .
950 1581 975 1612 Ο
1001 1581 1130 1621 athleta,
1158 1581 1276 1614 Christi
1300 1583 1401 1622 miles,

993 1628 1130 1660 bellator
1154 1628 1336 1669 fortissime,

949 1675 973 1707 O
1001 1676 1143 1716 Auspici,
1169 1677 1314 1716 agonista

995 1726 1027 1754 et
1049 1726 1172 1763 martyr
1197 1725 1331 1764 egregie,

947 1770 1004 1809 Qui
1030 1779 1142 1811 graves
1166 1772 1251 1803 inter
1274 1780 1439 1811 pressuras

996 1818 1155 1850 dimicasti
1179 1817 1307 1851 fortiter

945 1864 990 1896 Et
1013 1866 1120 1897 vicisti
1143 1875 1201 1905 per
1225 1867 1420 1906 triumphum

992 1913 1099 1945 hostes
1124 1913 1323 1955 mirabiliter,

944 1959 993 1991 Tu
1019 1969 1114 1992 exora
1140 1961 1300 1994 Christum
1325 1970 1431 2002 regem

990 2017 1050 2047 pro
1071 2012 1183 2041 nostra
1205 2009 1333 2041 miseria

943 2054 989 2086 Et
1014 2055 1168 2095 conjunge
1194 2056 1253 2087 tibi
1278 2065 1386 2088 servos

989 2103 1021 2134 in
1044 2103 1172 2134 coelesti
1196 2103 1314 2144 gloria3

942 2149 1014 2181 Jam
1040 2158 1168 2182 securus
1196 2150 1235 2181 de
1259 2154 1292 2182 te
1315 2152 1386 2191 ipso

989 2198 1022 2229 in
1049 2198 1178 2229 coelesti
1204 2198 1300 2241 curia,

941 2244 1021 2276 Esto
1046 2245 1158 2277 sollers
1185 2245 1224 2277 de
1250 2247 1408 2279 conservis

991 2294 1114 2332 positus
1138 2294 1172 2325 in
1197 2293 1308 2335 gloria,

942 2339 1025 2378 Quos
1050 2340 1156 2373 adhuc
1177 2342 1345 2374 contristat
1360 2344 1495 2376 mundus

989 2397 1048 2427 per
1073 2387 1188 2423 damna
1212 2391 1398 2423 communia.
