1650 2587
723 124 979 159 —183—

275 216 359 244 Brev.
380 225 432 244 ms.
446 218 619 245 Redonense
638 227 713 246 saee.
736 217 780 246 15.
795 219 867 247 God.
880 218 1014 246 Vatican.
1030 219 1165 248 Ottobon.
1183 215 1247 245 543.
1267 233 1305 238 —
1323 218 1358 245 111
1374 215 1399 244 1.
1413 216 1502 253 Vesp.

201 251 231 284 Β,
260 251 277 280 6
302 254 396 283 Canes
419 257 455 282 et.
480 270 518 274 -
543 255 619 284 Ibid.
640 256 657 283 ’7
686 257 793 284 Sancte
814 257 894 291 fehlt,
916 258 1073 293 perfruens.
1099 270 1136 274 —
1160 255 1234 283 Ibid.
1256 253 1273 282 9
1301 252 1338 282 In
1357 256 1416 282 tuis
1437 263 1504 282 eon-

199 290 261 318 fisis
287 293 418 329 reliquis.
446 308 483 312 -—
502 294 547 321 Ad
564 294 648 321 Noct.
672 292 691 320 R
715 293 739 327 1,
759 293 779 321 4
798 295 886 323 Vitae
907 303 986 322 suae.
1011 308 1048 314 —-
1069 293 1087 319 R
1110 294 1134 327 1,
1155 293 1171 320 7
1192 293 1311 321 Dextro.
1338 308 1376 314 —
1397 290 1417 318 R
1439 290 1466 325 2,
1486 290 1504 319 3

200 328 326 357 Albinis.
346 346 384 350 —
403 328 424 356 R
444 329 472 364 2,
493 330 510 359 5
532 332 639 360 Ornam
658 340 774 360 nonam.
795 348 832 353 -—
852 332 871 358 Β
891 330 918 365 3,
939 331 956 359 5
976 333 1093 360 furtum.

651 471 697 502 69.
740 471 784 502 De
804 471 909 502 sancto
928 470 1059 502 Nicasio.

329 557 376 589 In
410 558 440 590 1.
472 559 687 597 Vesperis.

393 632 438 659 Ad
456 632 634 670 Mag-nificat.

272 690 353 729 Ave,
379 693 501 730 martyr
525 691 657 730 insignis
682 691 802 731 Nicasi,

271 737 352 776 Ave,
378 739 483 777 magni
511 746 614 770 comes
638 738 794 778 Dionysii,

274 785 354 824 Ave,
380 784 454 816 viva
479 785 598 818 Christi
622 785 735 824 hostia,

273 830 343 863 Tua
368 833 590 865 venerantibus
614 832 802 872 patrocinia,

272 878 447 918 Impetrata

320 935 381 957 non
410 926 531 966 denega
554 925 712 966 suffragia.

340 1038 400 1070 Ad
425 1038 693 1070 Matutinum.

406 1112 621 1140 Invitatorium.

273 1170 438 1201 Adoretur
461 1168 519 1201 flos
543 1169 677 1210 Mariae,

273 1216 343 1248 Rex
369 1217 515 1248 eoelestis
542 1216 656 1255 curiae,

275 1263 334 1302 Qui
358 1264 489 1296 militem

321 1320 412 1343 suum
435 1311 599 1343 Nicasium

275 1358 353 1390 Jure
378 1358 417 1390 ab
443 1359 527 1390 arvis

321 1405 505 1437 sublimavit
528 1405 570 1438 ad
596 1406 726 1438 coelum,

333 1520 376 1551 In
404 1519 433 1553 1.
460 1520 491 1551 N
504 1528 522 1550 ο
534 1520 693 1551 eburno.

414 1584 609 1619 Antiphonae.

216 1643 248 1675 1.
273 1641 370 1673 Miles
395 1640 515 1673 Christi
539 1641 698 1682 Nicasius,

274 1689 377 1722 Coelis
404 1691 437 1719 et
460 1690 546 1720 arvis
572 1689 771 1729 splendidus,

269 1736 379 1776 Papae
405 1735 575 1768 Clementis
600 1737 721 1769 monitu

273 1783 383 1816 Gallos
409 1792 506 1816 ovans
530 1785 722 1825 aggreditur.

216 1843 247 1873 2.
274 1841 390 1873 Sancto
414 1840 569 1881 Dionysio

275 1887 385 1920 Comes
411 1886 514 1919 factus
539 1888 663 1920 itineris

271 1935 326 1967 Ad
351 1936 601 1975 praedicandum
625 1934 751 1975 populis

273 1983 352 2023 Agit
374 1984 449 2015 vota
472 1981 641 2022 pontificis.

216 2042 247 2074 3.
274 2039 418 2071 Tandem
442 2048 547 2079 papae
571 2039 705 2079 imperio

275 2087 363 2119 Pede
387 2085 534 2119 feruntur
561 2087 682 2118 concito

271 2134 317 2166 Et
342 2143 412 2167 eum
436 2134 544 2165 multis
565 2132 714 2166 fidelibus

273 2182 485 2214 Advenerunt
509 2181 660 2214 ParisiuS.

214 2242 246 2273 4.
275 2238 415 2280 Cumque
439 2237 577 2269 ministri
599 2237 728 2269 Domini

274 2287 416 2320 Verbum
442 2286 555 2317 darent
578 2285 612 2316 in
637 2286 775 2326 populiS,

275 2335 506 2373 Undecumque
527 2342 591 2365 non
615 2333 741 2366 modica

272 2383 335 2415 Dei
359 2382 468 2414 fantur
492 2380 659 2421 magnalia.

896 560 926 592 5.
955 558 1114 590 Coneursu
1138 558 1241 597 plebis
1265 565 1402 597 propero

952 605 1039 637 Deus
1067 607 1160 644 pater
1184 610 1215 636 et
1238 603 1321 636 filius

956 652 1118 691 Simulque
1141 655 1268 684 sanetus
1292 651 1423 691 spiritus

956 699 1150 731 Laetabatur
1175 708 1255 731 unus
1280 699 1376 730 Deus.

897 757 927 788 6.
952 755 1038 787 Ecce
1062 759 1193 795 repente
1215 756 1352 788 monitus

953 802 1016 834 Per
1041 803 1189 841 spiritum
1212 802 1359 833 Nicasius

955 850 1033 882 Cum
1059 849 1179 881 duobus
1206 849 1369 888 discipulis

955 896 1164 936 Rotomagum
1190 897 1330 935 expetiit.

1090 971 1296 1006 Responsoria.

923 1051 931 1059 .
959 1029 1130 1068 Postquam
1155 1029 1255 1061 virtus
1281 1027 1427 1058 altissimi

953 1074 1074 1106 Mundo
1101 1075 1230 1106 coelitus
1256 1075 1380 1116 claruit,

955 1122 1089 1154 Planum
1113 1121 1175 1153 iter
1196 1121 1339 1160 justitiae

956 1169 1068 1200 Multis
1093 1177 1152 1207 per
1176 1168 1284 1200 orbem
1308 1166 1416 1200 floruit

916 1240 922 1245 .
958 1214 1101 1255 Cumque
1131 1215 1287 1248 salutaris
1320 1215 1415 1255 fama
1443 1223 1508 1246 ere-

958 1262 1107 1295 bresceret
1137 1263 1175 1293 in
1206 1262 1339 1294 nomine
1370 1261 1510 1294 Domini

955 1309 1034 1342 Jesu
1060 1307 1190 1344 Christi.

922 1392 929 1399 .
956 1366 1090 1398 Sanctus
1114 1366 1211 1406 igitur
1234 1365 1381 1397 Nicasius

956 1413 1033 1445 Cum
1058 1412 1151 1445 beato
1175 1413 1328 1454 Dyonisio

956 1461 987 1491 A
1011 1460 1154 1500 partibus
1179 1460 1292 1493 Italiae

956 1508 1055 1540 Sedes
1081 1511 1231 1547 expetens
1258 1507 1382 1539 Galliae

952 1554 1148 1586 Francorum
1168 1555 1396 1587 nobilissimam

956 1601 1077 1634 Urbem
1100 1603 1200 1634 intrat
1223 1601 1393 1639 Lutetiam,

917 1673 923 1679 .
954 1649 1075 1680 Divino
1108 1649 1218 1682 val-lati
1255 1647 1418 1688 adjutorio
1443 1657 1510 1679 ver-

954 1696 1030 1728 bwm
1053 1696 1137 1728 vitae
1162 1697 1395 1729 denuntiantes.

922 1778 929 1786 .
958 1753 1075 1785 Christi
1099 1754 1190 1785 miles
1213 1753 1371 1793 Nicasius,

955 1801 1077 1833 Videns
1100 1802 1216 1833 multos
1241 1808 1431 1832 concurrere

955 1848 1010 1880 Ad
1034 1852 1233 1881 sacramenta
1255 1847 1341 1888 fidei,

957 1895 1132 1928 Valefaetis
1157 1894 1369 1928 confratribus

958 1943 1140 1975 Neustriam
1164 1944 1246 1984 petit
1268 1943 1365 1983 ocius,

918 2016 926 2023 .
956 1990 1123 2022 Trinitatis
1148 1991 1338 2031 prospicuae

959 2038 1126 2070 Animatus
1150 2039 1317 2078 majestate

960 2084 1037 2117 Cum
1063 2085 1184 2117 duobus
1210 2084 1373 2118 fratribus,

927 2166 934 2173 .
960 2143 985 2175 O
1009 2143 1137 2181 Martyr
1163 2142 1289 2175 Christe
1311 2141 1431 2180 Nicasi,

959 2189 1076 2230 Magne
1100 2193 1233 2229 patrone
1257 2190 1390 2230 meritis,

958 2237 1109 2269 Mirande
1130 2239 1292 2278 signorum
1316 2238 1444 2277 virtute,

960 2284 1053 2317 Clare
1077 2285 1154 2317 audi
1178 2294 1270 2318 voces
1294 2288 1419 2317 nostras

960 2331 1074 2364 Coram
1095 2335 1128 2363 te
1152 2332 1239 2365 fusas
1265 2335 1295 2364 et
1321 2332 1374 2365 fac
1397 2342 1454 2365 nos

959 2381 1126 2413 Aeternali
1151 2381 1245 2413 choro
1267 2381 1375 2422 jungi3
