1650 2587
187 2004 207 2035 [Ο

709 121 970 156 —125—

217 240 225 247 .
255 216 433 249 Thesauros
456 216 656 249 innocentiae

257 263 416 302 Replebat
439 273 540 296 novae
564 266 686 304 gratiae

298 310 485 343 Muneribus
512 312 640 347 ditatus.

224 389 230 395 .
258 362 431 395 Doctrinae
454 361 560 395 fructu
585 362 701 396 fertilis

298 410 458 443 Processit
483 411 522 443 ab
549 413 715 452 ergastulis

256 458 365 490 Crucis
390 466 506 498 praeco
531 459 696 499 mirabilis,

296 505 415 537 Factus
439 506 612 537 Francisco
637 507 760 548 similis,

253 551 346 583 Nunc
370 552 487 594 gaudet
509 553 543 584 in
568 554 716 586 aetherea

297 599 399 632 Domo
426 600 552 632 divinae
576 600 703 642 sobolis,

256 645 379 678 Corona
403 646 526 687 fulgens
552 656 657 687 aurea,

297 693 439 726 Decorus
465 697 497 725 et
519 695 665 726 aureolis.

312 779 360 811 In
386 781 417 812 2.
443 778 581 811 Noctu
593 790 676 812 rno.

395 844 589 880 Antiphonae.

218 921 224 927 .
256 897 370 928 Vocem
396 898 491 929 decus
517 899 691 938 angelicum

294 944 465 976 Praevenit
488 944 703 985 doctrinalem,

252 990 305 1022 Sic
330 992 453 1022 culmen
478 992 701 1032 evangelicum,

297 1037 436 1070 Gradum
462 1037 685 1077 pontificalem.

219 1119 225 1126 .
252 1094 417 1126 Francisci
438 1095 566 1134 ²junctus
592 1104 700 1139 cuneo,

293 1142 411 1174 Beatus
435 1151 558 1181 pauper
582 1143 707 1187 spiritu,

252 1188 390 1221 Currens
415 1198 522 1220 amore
545 1188 690 1223 flammeo

293 1236 390 1268 Brevi
412 1235 551 1276 profecit
574 1238 721 1272 transitu.

217 1317 223 1323 .
250 1293 288 1325 In
311 1293 401 1325 brevi
426 1297 656 1326 consummatus

292 1340 446 1379 Explevit
467 1341 566 1372 multa
590 1344 743 1382 tempora,

250 1387 310 1425 Qui
334 1395 464 1419 manens
488 1387 558 1419 Deo
582 1392 690 1428 gratus

293 1434 473 1474 Complevit
495 1443 609 1474 magna
633 1436 755 1469 merita.

387 1509 593 1542 Responsoria.

220 1593 226 1599 .
252 1565 411 1598 Libertati
435 1566 591 1606 redditus,

290 1613 340 1645 Ne
365 1613 500 1645 serviret
525 1615 627 1654 malis,

250 1661 318 1693 Sibi
346 1660 459 1693 clausit
482 1661 588 1692 aditus

293 1708 395 1740 Curae
418 1708 600 1748 mundialis,

249 1756 397 1795 Quamvis
422 1755 522 1787 nollet
542 1756 690 1796 primitus

288 1803 385 1835 Pater
410 1804 470 1835 hoc
496 1804 649 1848 carnalis3

244 1851 340 1891 Regis
364 1851 592 1890 primogenitus

246 1898 316 1930 Rex
342 1898 532 1937 contempsit
554 1899 681 1938 penitus

288 1945 370 1977 Esse
394 1946 589 1985 temporalis.

211 2028 218 2034 .
246 2002 351 2034 Vitam
379 2003 433 2035 vix
458 2002 595 2034 obtinuit

287 2049 561 2091 Evangelicorum,

246 2098 308 2130 Per
333 2107 410 2138 quos
438 2097 548 2129 doctus
575 2098 690 2131 claruit

288 2145 443 2178 Claritate
468 2153 599 2187 morum,

242 2193 393 2225 Fratrum
418 2191 551 2225 formam
578 2194 679 2225 tenuit

286 2241 415 2273 Ordinis
438 2240 610 2281 Minorum,

241 2289 436 2329 Paupertate
460 2288 569 2329 viguit,

241 2338 309 2376 Qua
332 2345 390 2368 rex
416 2344 485 2368 esse
510 2336 626 2368 meruit

283 2385 321 2417 In
345 2393 442 2426 regno
469 2384 636 2419 coelorum.

884 220 915 252 3.
940 219 1120 260 Disciplina
1144 220 1230 251 utilis

983 267 1074 299 Omni
1097 268 1170 306 piae
1191 267 1298 310 menti,

940 314 1071 347 Praesul
1095 312 1200 345 fructu
1224 313 1340 346 fertilis

982 362 1180 394 Tholosanae
1203 362 1299 401 genti,

939 409 1057 440 Missus
1082 406 1143 440 fuit
1166 409 1280 440 nobilis

981 457 1076 490 Jussu
1100 456 1292 496 perurgenti,

868 502 904 535 V.
933 503 988 534 Ad
1011 502 1172 543 profectus
1197 502 1313 534 habilis

937 550 996 582 Vir
1021 551 1106 582 mitis
1132 555 1164 581 et
1186 550 1314 581 humilis

980 598 1091 629 Paruit
1111 597 1246 636 Jubenti.

993 710 1039 742 In
1065 713 1094 744 3.
1122 710 1352 743 Nocturno.

1079 784 1200 821 Antiph<
1206 793 1273 812 mae.

877 842 907 874 1.
935 841 996 873 Dei
1021 843 1256 875 tabernaculum

978 889 1108 921 Stabilis
1133 890 1274 930 intravit,

935 936 994 974 Qui
1014 938 1118 976 J'ustus
1144 936 1339 969 obstaculum

976 983 1122 1016 Maculae
1146 984 1268 1017 vitavit.

899 1063 907 1070 .
935 1039 1089 1071 Revelata
1113 1038 1196 1071 facie

975 1087 1068 1119 illlum
1095 1087 1186 1118 modo
1212 1087 1440 1126 contemplatui·

935 1136 1030 1173 Cujus
1057 1135 1144 1167 clara
1168 1133 1247 1165 visio

975 1181 1057 1213 Solis
1083 1181 1179 1213 corde
1202 1181 1327 1213 mundis
1354 1181 1456 1213 datur.

900 1263 907 1271 .
933 1237 983 1269 De
1006 1240 1148 1269 torrente
1169 1237 1341 1277 voluptatis

975 1285 1068 1317 Mens
1093 1287 1205 1316 sancta
1227 1284 1378 1324 reficitur,

934 1331 1018 1363 Dum
1044 1333 1130 1364 visae
1155 1332 1330 1364 divinitatis

975 1379 1131 1412 Ubertate
1155 1378 1279 1411 fruitur.

1065 1464 1104 1491 Re
1110 1463 1271 1498 sponsor-ia.

898 1546 905 1553 .
932 1520 1053 1552 Diffuso
1075 1522 1142 1560 jam
1166 1520 1283 1551 lumine

933 1568 1091 1608 Fulgebat
1113 1567 1147 1598 in
1173 1567 1307 1598 culmine

974 1614 1083 1647 Posita
1105 1615 1245 1655 lucerna,

934 1661 1010 1693 Fuit
1035 1671 1103 1693 cum
1130 1662 1306 1701 dulcedine,

931 1709 1030 1741 Plena
1055 1709 1246 1741 rectitudine

973 1756 1104 1789 Bonitas
1127 1756 1264 1796 interna,

931 1804 1027 1836 Nullo
1055 1804 1170 1836 cadens
1196 1804 1327 1837 crimine

930 1852 1017 1884 Vicit
1039 1852 1072 1883 in
1099 1852 1270 1883 certamine

975 1898 1088 1931 Gratia
1111 1908 1259 1939 superna,

890 1971 897 1979 .
928 1947 967 1979 ln
994 1947 1100 1979 divino
1123 1947 1250 1977 numine

931 1993 1088 2026 Successit
1113 1994 1173 2025 hoc
1198 1994 1310 2026 ordine

971 2042 1108 2081 Requies
1134 2043 1272 2074 aeterna.

894 2123 901 2130 .
929 2099 1022 2131 Felix
1047 2099 1157 2130 hortus
1181 2099 1389 2139 paupertatis,

928 2147 987 2186 Qui
1012 2146 1128 2187 regalis
1153 2146 1328 2185 majestatis

971 2193 1167 2227 Fecundaris
1193 2194 1342 2234 germine,

972 2241 1056 2273 Dum
1083 2241 1123 2273 de
1147 2241 1231 2273 celso
1258 2241 1392 2274 culmine

930 2289 1039 2321 Virum
1064 2291 1173 2321 tantae
1198 2289 1361 2329 dignitatis

930 2337 993 2368 Per
1018 2336 1163 2376 exempla
1187 2338 1365 2370 sanctitatis

969 2384 1031 2417 Suo
1058 2384 1173 2417 clausit
1196 2386 1326 2427 ordine;
