1650 2587
752 158 1013 193 —145-

242 248 275 280 5.
301 246 376 279 Sola
400 247 467 280 Deo
492 249 553 281 soli

346 295 445 327 servit
468 295 549 328 bene
575 298 700 338 cognita
724 299 794 341 soli,

306 342 380 375 Solo
405 343 473 375 sola
497 344 564 375 solo

345 391 493 422 contenta
516 391 574 423 sub
600 400 674 423 aere
698 392 792 426 nudo.

270 471 277 478 .
304 445 358 478 Sic
382 447 503 478 coelum
527 448 613 480 coelo

347 493 474 533 tegitur,
509 495 556 526 sic
580 495 701 527 mansio
727 495 856 536 Christi,

305 540 431 572 Mansio
453 540 609 582 florigera,

347 595 381 619 se
404 589 522 621 mundo
548 589 706 621 subtrahit
728 588 792 622 isti.

441 663 647 699 Responsoria.

268 742 275 749 .
301 718 426 757 Templi
449 728 509 759 per
533 721 718 753 miraculum

343 765 446 797 Aditu
469 771 583 807 negato

300 812 480 844 Inardescit
504 815 626 847 animus

343 860 471 891 Ardere
495 861 588 893 beato

389 906 507 940 Felicis
531 908 758 950 Aegyptiacae,

260 977 267 984 .
299 952 491 996 Conteritur,
516 956 632 995 plorat,

343 999 456 1040 fervet,
482 1003 624 1042 suspirat
649 1004 680 1034 et
704 1005 783 1035 orat.

265 1083 273 1090 .
299 1055 373 1088 Non
398 1056 458 1088 fuit
483 1058 628 1089 horarius

347 1103 455 1136 Motus
479 1104 541 1135 iste
565 1106 689 1145 mentis,

300 1150 364 1182 Sed
388 1151 546 1183 immissus
573 1152 703 1184 coelitus

345 1198 454 1230 Ardor
477 1199 668 1238 poenitentis

394 1245 515 1286 Dignos
540 1244 661 1277 fructus
686 1245 838 1287 referens,

259 1317 266 1323 .
296 1292 403 1324 Anxia
427 1295 532 1325 mente
555 1293 647 1325 nimis

347 1340 452 1372 cordis
477 1341 617 1380 suspirat
639 1341 672 1371 in
694 1341 775 1373 imis.

241 1416 251 1429 ι
265 1420 273 1427 .
295 1396 425 1428 Transit
447 1396 553 1428 Maria
577 1396 749 1429 Jordanem

296 1442 362 1475 Ubi
385 1444 483 1475 vitam
507 1453 570 1475 non
594 1444 730 1484 inanem,

296 1491 403 1522 Vitam
430 1491 518 1522 <lucit
541 1491 759 1523 admirandam

295 1537 340 1569 Et
361 1537 477 1578 ubique
501 1538 759 1579 praedicandam,

256 1609 263 1616 .
293 1585 375 1616 Inde
399 1585 507 1625 legant
530 1583 624 1617 fiores

342 1632 489 1664 monachi
512 1630 687 1672 florumque
708 1641 849 1673 saporeS.

259 1715 267 1722 .
293 1688 395 1720 Stella
419 1689 516 1720 maris
542 1698 634 1729 opem
660 1691 784 1729 quaerit

293 1735 362 1767 Nec
386 1736 419 1767 in
443 1745 559 1769 vanum
583 1745 695 1776 preces
721 1739 809 1778 serit,

291 1783 465 1815 Relevatur
490 1793 509 1815 a
533 1784 625 1816 ruina

291 1830 484 1863 Medicantis
511 1831 678 1870 medicina,

293 1878 380 1916 Quae
403 1879 574 1918 languores
600 1881 693 1911 sanat
716 1880 815 1920 gratis

292 1925 381 1957 Dans
406 1925 562 1957 medelam
587 1926 781 1967 vulneratis3

251 1998 257 2003 .
292 1972 374 2004 Nam
402 1973 521 2013 virgam
546 1974 637 2006 Jesse

337 2020 463 2051 miseris
489 2020 629 2052 delectat
650 2021 772 2055 adesse.

354 2144 401 2176 In
428 2144 459 2175 2.
486 2141 714 2178 Nocturno.

435 2207 632 2243 Antiphonae.

257 2294 264 2302 .
291 2266 423 2299 Nullum
448 2264 583 2305 praebet
607 2266 635 2297 ei

341 2323 393 2346 res
418 2313 598 2345 mundanae
621 2313 739 2353 speciei

292 2362 467 2403 Auxilium,
493 2369 553 2392 nec
576 2361 654 2399 avis,

339 2418 398 2442 nec
411 2409 515 2449 homo,
530 2416 589 2440 nec
597 2408 700 2441 bestia
708 2409 847 2448 quaevis,

276 2470 297 2493 D
305 2475 402 2497 ravos,
418 2468 540 2493 Historiae
554 2467 708 2497 rhythmicae.
731 2467 774 2491 111.

928 257 959 289 2.
987 255 1051 288 Sed
1074 256 1194 289 solatur
1220 265 1288 288 eam

1032 303 1171 336 solamen
1198 304 1289 336 dulce
1311 304 1464 347 laborum,

986 349 1065 390 Spes
1089 351 1222 391 miseris,
1246 351 1404 383 medicina
1425 353 1498 391 reis,

1032 398 1131 429 tutela
1152 397 1315 431 bonorum.

928 474 958 485 ..
985 454 1129 494 Angelioi
1154 455 1244 494 panis

1033 501 1117 532 dulci
1139 500 1268 540 perfusa
1292 510 1406 541 sapore

985 548 1131 580 Pascitur
1156 551 1188 579 et
1210 549 1289 581 vivit

1031 595 1116 627 vitae
1141 595 1284 627 coelestis
1309 604 1423 629 amore.

950 676 958 683 .
984 651 1129 691 Angelici
1152 652 1235 684 cives

1031 698 1105 729 huic
1129 699 1245 731 adsunt
1268 699 1396 738 lumine,
1420 699 1507 731 dives

987 744 1121 777 Coclesti
1146 748 1214 778 tota

1029 793 1153 832 rapitur
1175 802 1271 832 super
1294 801 1369 824 acra
1391 795 1486 826 mota.

950 873 956 880 .
984 848 1098 888 Sicque
1122 851 1232 889 quater
1256 849 1344 881 denis

1031 896 1120 927 annis
1144 898 1326 936 septemque
1349 896 1487 936 peractis

982 942 1100 974 Evolat
1123 943 1164 974 ad
1190 946 1313 983 gratum

1029 990 1169 1029 gaudens
1194 990 1262 1021 sine
1277 999 1411 1030 vespere
1427 999 1528 1022 mane.

948 1070 955 1077 .
981 1046 1072 1078 Illam
1097 1047 1240 1085 martyrii

1029 1093 1176 1124 solemnis
1199 1102 1340 1132 purpura
1364 1093 1460 1125 vestit

980 1139 1025 1171 Et
1048 1148 1122 1171 rosa
1147 1140 1200 1171 dat
1225 1143 1354 1178 sertum,

1027 1195 1109 1225 rosa,
1124 1195 1204 1227 quae
1217 1195 1342 1227 semper
1346 1188 1532 1227 juvenescit.

1118 1281 1323 1316 Responsoria.

946 1372 953 1379 .
981 1346 1132 1379 Servituti
1155 1348 1248 1379 nimis
1275 1348 1373 1380 durae

978 1394 1086 1426 Vitam
1112 1396 1215 1427 carnis
1239 1395 1400 1435 periturae

980 1442 1069 1474 Haec
1093 1442 1223 1474 addicat
1249 1445 1281 1473 et
1304 1442 1427 1474 indicat

980 1488 1047 1520 Sibi
1073 1497 1180 1520 curam
1204 1489 1296 1520 nimis
1324 1489 1444 1529 duram,

977 1535 1118 1576 Famem,
1144 1536 1239 1579 sitim,
1266 1535 1375 1577 frigus,
1399 1539 1531 1577 aestum,

978 1582 1038 1614 His
1050 1583 1225 1624 impinguat
1236 1592 1349 1623 eorpus
1357 1586 1510 1615 maestum
1522 1595 1530 1624 3

940 1657 946 1663 .
976 1629 1086 1662 Herba
1100 1631 1214 1673 cibum,
1232 1631 1287 1663 dat
1298 1638 1386 1662 terra
1395 1631 1531 1669 thorum,

1027 1678 1120 1710 vivax
1144 1686 1226 1718 aqua
1250 1680 1368 1718 potum.

947 1760 953 1768 .
980 1735 1034 1767 Ad
1050 1735 1133 1766 hanc
1150 1735 1277 1767 cedrum
1295 1735 1532 1775 exstirpandam

977 1782 1023 1815 Et
1047 1783 1197 1815 virtutem
1222 1783 1433 1814 enervandam

978 1830 1035 1861 Vis
1059 1830 1206 1862 convenit
1228 1828 1414 1871 infernalis3

979 1877 1110 1916 Quantis
1135 1877 1218 1909 hanc
1239 1877 1364 1909 vexarit
1387 1878 1488 1919 malis,

979 1924 1071 1956 Solus
1095 1923 1184 1957 Deus
1210 1933 1335 1964 semper
1359 1925 1449 1964 vidit,

979 1972 1040 2010 Qui
1063 1971 1187 2003 Mariae
1212 1972 1275 2004 vim
1298 1972 1449 2014 providit,

938 2046 944 2052 .
976 2019 1043 2057 Qua
1066 2017 1178 2060 fugiat,
1204 2028 1266 2058 qua
1291 2019 1418 2051 deficiat

1024 2066 1245 2106 pessumdatus
1262 2066 1378 2098 hostis.

944 2148 951 2156 .
977 2124 1016 2156 In
1039 2122 1100 2154 hac
1124 2123 1212 2163 gravi
1237 2123 1370 2154 multum
1394 2123 1481 2155 lucta

976 2170 1050 2202 Non
1075 2172 1123 2201 est
1146 2172 1268 2210 martyr
1292 2170 1371 2203 haec
1387 2171 1528 2211 seducta,

977 2217 1113 2257 Martyr,
1131 2217 1270 2257 inquam,
1289 2226 1352 2250 non
1368 2227 1528 2258 mucrone,

976 2264 1028 2296 Ne
1050 2267 1116 2296 tam
1139 2264 1230 2297 brevi
1253 2265 1400 2304 passione

976 2311 1141 2344 Muniatur
1164 2321 1237 2352 spes
1262 2321 1412 2354 coronae3

906 2362 944 2394 V.
973 2359 1122 2392 Pluribus
1147 2360 1221 2391 huic
1244 2361 1334 2393 annis

1023 2416 1083 2439 nec
1107 2416 1183 2440 crux
1207 2417 1267 2440 nec
1292 2407 1394 2441 defuit
1418 2410 1512 2442 ensiS.

1324 2464 1358 2494 10
