1651 2588
304 182 368 215 Ubi
389 182 470 222 regis

352 229 490 268 ejusdem
513 228 597 260 filius

304 276 523 315 Torquebatur

350 323 438 362 gravi
463 322 633 361 daemonio,

305 369 393 407 Quod
415 369 538 408 ,iuvenis

347 416 415 447 sola
438 416 615 455 praesentia

303 461 463 501 Effugavit,

350 517 407 548 per
430 508 491 540 Dei
515 508 622 540 filium.

263 581 269 587 .
299 555 381 587 Data
405 558 453 586 est
475 564 547 594 spes
569 555 677 594 J'nveni

350 604 457 633 curata
480 605 569 641 peste
595 602 714 633 veneni.

268 682 276 690 .
304 658 372 689 Rex
395 667 456 689 non
482 659 589 689 valens

348 705 452 743 pondo
477 705 646 744 peccuniae

303 751 460 783 Inclinare

349 801 488 829 sanctum
514 798 702 837 numinibus,

302 844 373 875 Jam
399 844 524 875 effectus

347 891 487 930 ingratus
512 891 640 934 gratiae,

301 938 507 970 Cruciandum

349 984 436 1016 dedit
460 984 641 1017 tortoribus.

260 1057 267 1063 .
296 1031 385 1062 Tunc
408 1031 592 1062 adstrictum

347 1076 424 1108 ferri
448 1077 638 1116 ponderibus

301 1123 376 1155 Cum
401 1124 547 1156 Modesto

347 1171 477 1202 tradunt
501 1170 688 1203 carceribus,

354 1264 399 1295 In
433 1264 463 1295 3.
490 1263 713 1297 Nocturno.

442 1328 634 1363 Antiphonae.

264 1410 271 1417 .
297 1384 379 1416 Dum
403 1387 560 1417 saevirent

344 1434 496 1463 tortorum
522 1432 658 1471 brachia,

299 1480 459 1510 Aruerunt.

344 1525 404 1556 Dei
427 1526 577 1565 potentia,

299 1572 362 1604 Sed
388 1574 417 1602 et
439 1572 538 1610 judex

341 1618 426 1657 justo
448 1618 566 1657 judicio

299 1664 404 1696 Gemit
426 1674 535 1696 manus

344 1711 451 1742 dolore
474 1712 579 1743 nimio.

263 1792 270 1800 .
296 1766 364 1798 Rex
389 1766 516 1798 affectus

345 1813 453 1845 dolore
475 1814 623 1846 dexterae

295 1859 420 1899 Magum
448 1857 531 1903 [sibi]

337 1906 428 1945 jubet
452 1907 611 1950 accedere,

295 1953 353 1992 Qui
378 1962 435 1992 per
459 1957 558 1985 artem

343 2001 462 2040 agendo
485 2010 652 2040 perperam

294 2047 387 2078 Fecit,
409 2048 507 2087 magis

342 2102 432 2125 arere
458 2095 628 2127 dexteram.

262 2174 269 2181 .
295 2149 421 2189 Martyr
445 2151 522 2182 artis

338 2205 507 2236 perversae
530 2199 652 2229 nescius

294 2242 435 2283 Supplex
459 2247 537 2282 orat,

338 2294 375 2321 ut
397 2291 459 2322 Dei
481 2290 564 2323 filius

756 87 1012 122 -250—

978 183 1150 216 Sanitatem

1024 231 1092 270 regi
1113 231 1267 273 restituat,

977 278 1083 317 Atque
1106 278 1211 309 statim

1023 324 1058 356 id
1081 325 1184 364 ipsum
1208 325 1356 364 impetrat

1113 451 1317 486 Responsoria.

943 561 951 568 .
977 536 1013 567 In
1041 538 1162 567 catasta.

1024 582 1122 614 sacris
1147 582 1339 622 martyribus

977 630 1053 662 Cum
1078 629 1172 660 beata.

1021 676 1119 707 tensis
1144 676 1309 708 Florentia

975 723 1095 755 Terrae
1118 726 1204 754 motu

1022 771 1190 810 prostratis
1214 770 1357 809 pluribus

974 817 1043 849 Rex
1069 815 1215 848 confusus

1021 864 1106 896 redit
1128 864 1170 895 ad
1193 863 1334 903 propria,

976 911 1045 942 Viri
1068 911 1169 942 sancti

1021 957 1138 989 virtute
1162 957 1292 996 spiritus

973 1004 1188 1043 Reportantur

1022 1051 1062 1082 ad
1086 1051 1188 1082 locum
1213 1050 1392 1089 pristinum,

973 1097 1037 1129 Ubi
1061 1097 1146 1128 vitae

1021 1144 1126 1174 sortiti
1149 1143 1315 1174 terminum

983 1190 1028 1221 Et
1053 1190 1094 1221 ad
1118 1190 1197 1221 lucis

1020 1237 1165 1268 translati
1189 1236 1356 1268 Dominum

973 1283 1169 1315 Coronantur

1018 1330 1136 1361 honore
1159 1330 1299 1369 coelitus,

932 1402 939 1409 .
969 1377 1093 1408 Merces
1118 1379 1295 1408 sanctorum

1018 1424 1103 1455 Deus
1130 1426 1177 1455 est
1201 1430 1324 1456 amator
1348 1432 1463 1455 corum.

937 1525 944 1532 .
972 1499 996 1531 Ο
1022 1499 1175 1530 victorum

1017 1546 1136 1577 invicta
1161 1546 1286 1587 caritas,

971 1593 995 1624 O
1020 1593 1137 1635 Tiberi,

1016 1643 1138 1680 martyr
1162 1638 1303 1678 mirifice,

972 1686 1066 1725 Cujus
1090 1687 1240 1718 mundum

1017 1733 1141 1772 subegit
1163 1734 1265 1773 pietas

970 1779 1013 1810 Et
1037 1780 1173 1812 cultores

1015 1827 1109 1857 sortis
1130 1827 1357 1867 phantasticae,

967 1873 1053 1905 Audi
1077 1882 1187 1912 preces

1014 1920 1115 1959 plebis
1141 1922 1324 1963 catholicae,

969 1967 1067 1998 Posce
1093 1968 1260 2008 Christum,

1012 2017 1049 2045 ut
1073 2015 1138 2054 ejus
1162 2016 1286 2047 bonitas

966 2060 1095 2093 Reddat
1117 2063 1208 2094 nobis

1015 2108 1145 2141 virtutes
1169 2110 1312 2150 perditas

965 2153 1010 2186 Et
1032 2156 1234 2195 splendorem

1012 2202 1092 2234 lueis
1118 2203 1266 2244 deificae3

897 2248 935 2280 V.
965 2248 1112 2288 Digneris
1136 2250 1206 2282 fieri

1012 2296 1102 2328 nobis
1127 2298 1207 2339 pius,
1234 2299 1316 2330 alme
1339 2298 1457 2330 Tiberi.
