1650 2587
676 129 957 167 —16—'

161 227 192 258 6.
220 225 288 257 Deo
313 234 437 265 semper
461 227 513 258 hic
538 228 672 259 vivendo

216 272 261 303 Et
285 273 403 304 orando
429 273 612 314 adsistebat,

218 318 268 350 Ita
291 328 425 359 namque
449 320 680 360 impugnantem

216 365 379 396 Inimicum
406 367 615 405 expugnabat.

354 458 557 493 Responsoria.

159 516 190 549 1.
216 515 253 547 In
276 515 389 546 tellure
414 515 574 558 Venetica,

215 563 300 600 Quae
323 562 483 593 Britannis
510 565 558 593 est
580 563 723 601 proxima

214 608 362 648 Ingenuis
388 611 436 639 est
459 608 594 639 Albinus

215 655 393 687 Generatus
419 654 618 695 parentibus3

145 702 181 735 V.
212 701 419 733 Nobilitatem
448 702 571 741 generis

214 749 306 782 Vitae
331 748 454 780 ornavit
478 748 599 780 meritis

214 795 346 828 Praesul
371 797 504 836 sanctus,
533 796 691 828 nobilibus

213 842 388 875 Generatus
412 843 606 882 parentibus.

155 901 185 932 2.
214 899 364 938 Pompam
391 899 472 930 enim
498 900 693 932 saeculorum

212 946 257 977 Et
280 954 393 977 vanam
418 946 526 978 mundi
551 947 693 989 gloriam,

211 992 256 1025 Ut
279 1001 406 1024 manere
426 1001 487 1024 non
512 994 645 1034 putavit,

212 1040 257 1072 Ut
280 1039 412 1070 nihilum
437 1041 632 1080 postposuit3

140 1086 177 1118 V.
210 1086 393 1119 Possideret
416 1089 451 1117 ut
477 1087 642 1118 coelestem

209 1134 294 1165 Ante
318 1133 420 1165 Deum
446 1142 515 1165 cum
541 1135 670 1175 angelis,

211 1180 324 1212 Mundi
351 1178 460 1212 falsam
489 1180 673 1220 dignitatem

210 1226 256 1259 Ut
279 1227 411 1258 nibilum
434 1228 620 1266 postposuit.

726 588 734 605 7

154 1285 183 1316 3.
210 1283 273 1314 Hie
298 1283 446 1315 virtutum
471 1284 600 1323 gemmis
627 1285 730 1317 clarus

209 1331 314 1361 Instar
337 1330 412 1361 solis
437 1331 662 1369 resplendebat

209 1378 314 1416 Atque
338 1377 455 1408 sanctis
480 1378 626 1416 operibus

208 1424 247 1455 In
272 1424 448 1462 exemplum
473 1433 506 1455 se
530 1425 719 1465 praebebat;

142 1471 178 1503 V.
209 1471 373 1502 Voluntati
396 1470 457 1502 Dei
484 1473 604 1504 eunctis

209 1517 346 1550 Obedire
370 1517 546 1550 volentibus

209 1564 275 1603 Ipsi
302 1573 426 1603 semper
450 1565 615 1597 serviendo

208 1612 246 1643 In
271 1611 444 1650 exemplum
467 1620 502 1642 se
523 1612 706 1650 praebebat.

150 1668 181 1699 4.
204 1667 285 1698 Erat
309 1667 390 1698 enim
415 1667 509 1699 valde
533 1668 603 1706 pius

208 1713 251 1745 Et
276 1713 408 1745 caritate
431 1712 572 1745 fervidus

208 1760 257 1791 Ae
283 1760 431 1791 <lecenter
454 1760 624 1793 adornatus

208 1807 403 1838 Humilitatis
427 1807 573 1847 fioribus3

138 1855 175 1886 V.
207 1855 289 1893 Quos
314 1856 445 1893 paterno
468 1854 653 1894 gubernavit

205 1901 347 1940 Quinque
370 1901 460 1933 annis
485 1900 600 1941 officio,

207 1949 294 1980 Inter
318 1947 432 1979 fratres
457 1949 680 1987 resplendebat

206 1994 401 2027 Humilitatis
431 1993 568 2027 floribus.

266 2108 312 2139 In
338 2109 367 2140 2.
395 2107 451 2140 No
463 2111 622 2142 etur-no,

346 2173 539 2209 Antiphonae.

134 2234 164 2266 1.
194 2232 393 2271 Voluptatem
419 2240 480 2263 uon
505 2232 643 2275 amabat,

203 2278 359 2319 Fugiebat
383 2278 522 2310 ludibria

203 2327 308 2366 Atque
332 2325 444 2357 mentis
469 2326 630 2358 levitatem

206 2374 372 2413 Sapienter
398 2373 584 2406 declinabat.

836 229 867 259 2.
895 226 961 258 Sibi
986 236 1111 266 semper
1135 228 1197 258 iste
1219 229 1346 258 sanctus

829 1278 858 1310 1.

893 274 931 305 In
958 274 1079 305 cautela
1104 274 1312 313 prospiciens,

895 319 1033 351 Geminis
1064 320 1166 351 clarus
1191 321 1374 351 meritorum

896 366 1024 398 Cunctis
1050 369 1118 397 erat
1142 367 1175 397 in
1202 366 1388 406 exemplum.

895 422 986 454 Servi
1011 422 1059 453 sui
1085 422 1286 454 sanctitatem

893 469 1009 501 Volens
1034 468 1120 500 Deus
1143 477 1206 500 non
1227 469 1336 509 latere,

892 515 1066 555 Spectabili
1090 515 1242 547 miraculo

891 562 984 594 Hanc
1008 562 1106 595 voluit
1133 563 1316 594 clarescere.

891 618 972 651 Nam
998 627 1067 650 cum
1091 618 1170 650 isset
1193 619 1234 650 ad
1259 619 1412 651 indictum

889 666 973 699 Justi
997 666 1098 705 patris
1122 665 1314 707 obsequium,

887 712 994 745 imbre
1019 713 1098 744 coeli
1122 722 1185 745 non
1211 716 1257 745 est
1282 716 1396 755 taetus,

891 759 956 798 Quo
982 760 1107 791 sodales
1131 761 1329 794 maduerunt.

890 816 1065 848 Audientes
1091 816 1267 848 inauditum

889 863 1055 903 Andegavi
1079 864 1273 907 miraculum,

887 910 1091 942 Exsultantes
1116 910 1148 941 in
1174 911 1320 943 laudibus

889 956 1118 990 Glorificabant
1141 957 1319 991 Dominum.

888 1013 962 1045 Cum
987 1022 1138 1045 annorum
1165 1017 1248 1045 esset
1271 1015 1333 1046 iste

886 1061 950 1092 Ter
975 1061 1125 1092 denorum
1148 1063 1241 1100 atque
1268 1062 1414 1103 quinque,

886 1107 988 1147 Digne
1012 1110 1123 1147 pastor
1147 1117 1166 1139 a
1188 1107 1352 1142 fratribus,

885 1155 991 1194 Atque
1015 1157 1119 1186 rector
1145 1155 1279 1195 eligitur.

1021 1230 1225 1264 Responsoria.

885 1278 960 1309 Pius
984 1279 1075 1316 pater
1099 1277 1303 1309 monasticam

884 1324 967 1356 Dum
992 1326 1117 1364 regeret
1141 1323 1301 1367 familiam,

880 1371 1049 1410 Expetitur
1074 1380 1093 1402 a
1116 1372 1232 1411 populo

882 1418 926 1450 Et
948 1427 967 1449 a
992 1418 1075 1449 clero
1101 1418 1243 1458 eligitur3

885 1465 932 1498 Ut
956 1465 1088 1496 antistes
1113 1465 1154 1497 ad
1178 1465 1348 1505 regendam

883 1512 1068 1544 Sacraretur
1093 1512 1266 1553 ecclesiam,

881 1558 1046 1597 Expetivit
1070 1558 1152 1590 hunc
1176 1559 1311 1598 populus

878 1605 923 1636 Et
946 1614 965 1636 a
988 1605 1071 1636 clero
1097 1606 1231 1645 eligitur.

881 1663 958 1694 Post
981 1661 1132 1701 adeptum
1156 1662 1217 1693 sibi
1243 1663 1370 1703 dignum

880 1709 1082 1741 Praesulatus
1107 1708 1257 1752 officium,

882 1755 976 1795 Cujus
1001 1764 1110 1787 servus
1136 1759 1214 1797 erat,
1240 1767 1328 1789 suam

879 1803 1083 1835 Sanctitatem
1111 1804 1303 1845 declaravit3

879 1850 958 1889 Quia
982 1851 1121 1889 prudens
1146 1860 1255 1883 servus
1280 1855 1350 1884 erat

880 1898 929 1928 Ac
951 1896 1056 1928 fidelis
1079 1898 1288 1939 dispensator,

881 1944 975 1976 Suam
999 1944 1086 1976 Deus
1111 1945 1271 1977 miraculis

881 1991 1086 2023 Sanctitatem
1111 1992 1295 2026 declaravit.

848 2072 855 2080 .
882 2048 943 2079 Per
955 2048 1039 2079 hunc
1050 2057 1184 2089 namque
1197 2059 1311 2082 sanans
1321 2060 1431 2091 aegros

879 2096 985 2134 Atque
1011 2104 1119 2128 caecos
1143 2096 1323 2129 illuminans

877 2141 1037 2181 Effugavit
1066 2143 1240 2186 daemonia,

878 2189 1022 2220 Mortuos
1046 2189 1235 2232 vivificavit3

876 2234 1052 2268 Mirificans
1077 2246 1202 2269 servum
1227 2247 1315 2270 suum

878 2282 1044 2314 Miraculis
1070 2283 1148 2315 fecit
1171 2294 1240 2317 eum

880 2329 1079 2370 corruscare,
1105 2341 1177 2363 nam
1200 2341 1260 2371 per
1282 2333 1385 2373 ipsum

878 2376 1022 2409 Mortuos
1047 2378 1226 2412 vivificavit.
