1650 2587
694 69 919 104 -50-

555 161 726 199 Sata-gemus
746 162 824 189 hunc
842 162 971 196 laudare,

558 201 699 234 Psalmos,
719 200 841 234 hymnos
861 200 1015 228 decantare

595 238 683 271 Voce,
705 237 830 271 chordis,
852 245 969 272 organo,

553 274 596 302 Ut
614 283 665 310 per
684 274 760 301 hanc
779 274 976 301 celebritatem

554 311 772 346 Consequamur
792 312 952 338 claritatem

591 349 716 376 Coelesti
735 348 860 384 palat-103

498 387 533 413 V.
556 387 627 413 Dies
646 387 704 412 ista
724 385 892 417 celebretur,

559 424 637 450 Cleri
659 423 763 450 chorus
779 422 955 457 jucundetur

590 460 662 487 Cum
682 468 786 495 magno
807 460 944 495 tripudio.

164 504 183 531 Β
206 504 232 539 2,
254 504 272 532 2
291 507 397 534 Iditum
419 506 459 541 A,
480 506 585 534 idrium
605 507 644 539 133
666 506 775 533 editum
798 506 834 540 C;
854 506 999 534 hidithum
1017 507 1057 542 E3
1079 508 1189 534 aditum
1209 507 1268 534 FG.
1291 521 1327 525 —
1349 504 1369 532 Β
1390 503 1416 540 2,
1438 505 1455 532 ’7

161 543 218 570 Dei
245 543 318 570 fehlt
335 543 420 571 AOE.
440 559 478 563 —
499 542 519 569 Β
540 542 571 577 3,
600 542 614 571 1
633 544 657 571 O
678 545 803 579 pretiose
824 544 857 570 B.
878 558 914 562 —
938 542 957 569 Β
978 541 1004 577 3,
1024 543 1044 571 4
1064 544 1239 571 Commenda
1256 546 1289 570 tu
1308 544 1341 571 B.
1362 558 1399 563 —
1420 543 1455 570 In

162 578 188 606 2.
210 581 293 607 Noct.
318 579 338 606 Β
361 580 385 614 1,
407 579 423 607 6
443 581 484 608 Et
503 583 585 617 signo
606 582 700 608 crucis
721 580 751 607 C.
772 595 808 599 —
830 578 850 606 Β
871 578 897 606 2.
916 581 1063 607 Festivam
1083 581 1158 608 diem
1176 583 1229 608 etc.
1244 581 1276 608 G.
1297 596 1335 601 —
1350 579 1370 606 Β
1391 579 1417 613 2,
1440 579 1455 607 1

160 618 238 644 Ante
258 619 387 645 tribunal
408 618 439 645 C.
461 633 494 636 —
519 616 539 644 Β
560 616 590 653 2,
607 616 625 644 2
645 619 687 645 ire
702 618 803 652 jussus
822 618 854 645 F.
876 632 912 636 ——-
933 615 953 643 Β
974 616 1001 650 2,
1021 617 1041 645 4
1060 620 1156 654 inquit
1175 619 1292 653 praesul
1314 618 1399 645 BOE.
1419 633 1452 637 —

161 653 181 680 Β
203 653 229 688 2,
250 653 267 682 6
287 656 342 682 tibi
362 655 513 682 admonuit
531 656 563 682 B.
584 670 622 675 —
643 653 663 681 Β
684 653 710 689 2,
730 654 748 682 7
761 655 804 683 Ut
823 655 887 682 dem
905 655 978 682 liber
997 656 1044 682 illi
1062 656 1184 691 gratiam
1206 656 1242 691 Β,
1262 658 1296 682 ut
1314 656 1456 683 celebrem

160 692 205 718 illi
225 692 257 719 F.
279 707 314 712 —
338 691 358 719 Β
379 691 405 726 3,
426 692 443 719 5
464 694 627 728 pectinibus
646 693 680 720 B.
701 708 737 712 -
759 691 779 719 Β
799 691 824 728 3,
847 691 866 720 8
884 694 982 728 inquit
999 701 1116 728 praeses
1135 692 1192 720 BC.
1213 707 1249 712 —
1270 694 1305 720 In
1324 691 1350 720 3.
1371 694 1454 721 Noct.

160 728 181 755 A
211 728 240 762 1,
268 728 286 758 3
313 731 444 758 Horrens
474 733 571 766 partes
597 732 736 766 Argeicas
761 731 801 765 A,
828 731 914 757 Artes
938 731 1071 765 Arg-eicis
1091 731 1129 765 Β,
1151 731 1236 758 Artes
1256 731 1394 767 Argeicas
1413 731 1453 765 E3

157 767 269 795 Ardens
287 769 426 803 Argeicas
445 768 478 795 F.
499 782 533 787 —
555 767 577 794 A
599 766 625 800 2,
650 767 665 795 1
685 768 838 803 Diligebat
857 768 972 795 clausus
993 769 1027 795 B.
1047 783 1084 787 —
1104 766 1126 794 A
1148 766 1173 803 2,
1196 766 1213 795 2
1233 771 1342 803 martyr
1362 769 1454 795 almus

158 805 190 832 B.
271 803 293 831 A
320 804 351 839 2,
378 803 395 832 3
414 805 478 833 Deo
506 808 602 833 mente
620 806 652 833 F.
677 821 713 825 —
735 804 757 832 A
783 803 814 840 3,
842 804 859 832 2
886 807 936 841 qui
962 814 1053 832 causa
1070 807 1215 841 patienter
1233 806 1272 840 B,
1301 807 1453 842 quisquam

161 842 193 869 G.
220 857 257 861 —
278 841 299 868 A
327 840 359 877 3,
385 840 403 870 3
423 844 532 870 sanctis
545 843 577 871 B.
598 858 635 862 —
656 841 676 869 Β
699 841 728 876 1,
758 841 776 871 8
796 845 865 870 sunt
884 846 1001 870 aeterna
1020 845 1142 870 numina
1159 843 1200 878 A;
1228 845 1349 870 numina
1368 852 1455 871 caeca

159 880 191 906 F.
213 896 249 899 —
271 878 291 906 Β
313 878 339 913 2,
360 878 377 906 2
397 888 440 915 sq.
460 889 519 908 non
538 881 685 908 mundana
703 881 736 908 B.
757 895 795 900 —
816 879 837 907 Β
858 879 884 914 2,
904 879 924 907 4
943 880 967 907 O
983 881 1146 916 praesulem
1166 881 1199 908 F.
1220 896 1255 900 —-
1278 879 1298 907 Β
1320 879 1345 914 2,
1366 880 1384 909 8
1397 882 1454 909 La-

157 918 252 944 minas
279 923 308 944 et
333 918 457 953 ungulas
477 918 511 945 A.
532 933 568 937 —
591 916 611 944 Β
633 916 665 951 3,
693 917 708 945 1
734 922 891 952 martyrum
919 919 1005 945 decus
1025 918 1060 945 A.
1080 932 1116 936 ——
1139 916 1159 944 Β
1180 916 1213 951 3,
1235 916 1253 946 3
1276 919 1356 946 Fove
1375 920 1452 946 votis

157 955 190 981 B.
216 970 252 974 —-
282 953 301 980 Β
330 953 360 989 3,
386 954 406 982 4
425 955 465 982 Et
489 956 589 991 fugato
611 956 666 983 BF.
695 972 731 976 —
749 956 842 983 Prosa
865 956 938 982 fehlt
957 956 1065 983 BCFG.
1090 971 1128 976 --
1148 956 1222 983 Ibid.
1249 954 1281 989 2,
1313 954 1327 982 1
1351 956 1452 991 depor-

157 993 232 1018 tavit
255 993 288 1019 A.
368 992 404 1019 In
424 993 514 1019 Laud.
536 991 557 1018 A
579 991 604 1026 2,
628 991 643 1020 l.
662 993 743 1020 Inter
761 994 926 1020 vehementi
945 993 1040 1028 jubilo
1061 993 1093 1020 F.
1113 1007 1151 1011 —
1171 991 1193 1018 A
1214 991 1240 1025 2,
1262 991 1279 1020 3
1300 994 1362 1028 ejus
1381 994 1454 1021 fehlt

155 1029 216 1055 AE.
243 1045 281 1049 —
302 1029 323 1055 A
343 1028 375 1062 4,
403 1028 418 1056 1
443 1038 520 1065 aqua
539 1031 571 1057 B.
592 1044 629 1048 —
650 1028 672 1055 A
693 1029 725 1064 5,
754 1029 768 1057 1
790 1032 902 1057 cunctis
922 1031 953 1057 F.
972 1045 1011 1049 —
1030 1029 1052 1056 A
1076 1029 1108 1065 5,
1130 1028 1148 1057 2
1172 1030 1326 1058 Coelicolis
1347 1032 1449 1059 inserti

155 1066 189 1093 G.
262 1067 307 1093 Ad
320 1066 426 1094 Bened.
442 1065 473 1101 A,
494 1064 512 1093 S
532 1067 703 1094 confirmans
724 1070 839 1103 pectore
851 1067 886 1094 A.
901 1082 938 1087 —
957 1068 992 1095 In
1005 1065 1031 1094 2.
1039 1068 1127 1103 Vesp.
1142 1068 1179 1095 ad
1192 1068 1290 1103 Magn.
1306 1070 1337 1095 in
1351 1066 1373 1094 A
1386 1069 1452 1096 FG:

490 1113 526 1140 A.
548 1112 571 1140 O
592 1114 708 1149 praesul
729 1117 758 1141 et
776 1116 918 1150 agonista,

546 1150 636 1185 Blasi,
657 1159 709 1186 per
728 1160 814 1187 quem
833 1152 894 1179 <lies
914 1153 972 1179 ista

582 1188 692 1215 Mundo
714 1187 857 1224 (re)fu¹get
875 1189 1006 1223 celebris,

546 1224 611 1258 Qua
630 1225 664 1252 de
683 1226 766 1253 hoste
786 1227 974 1262 triumphasti

544 1262 585 1289 Et
605 1262 641 1289 ad
660 1263 754 1290 lucem
777 1264 821 1290 sic
841 1265 975 1300 mig-rasti

579 1300 625 1326 De
643 1300 797 1328 mundanis
817 1302 953 1334 tenebris,

543 1337 607 1363 Tua
627 1345 719 1372 prece,
740 1347 794 1365 nos
814 1347 972 1374 precamur,

545 1373 667 1401 Sursum
685 1375 776 1409 trahe,
796 1384 834 1403 ne
853 1376 1003 1403 trahamur

582 1409 682 1439 Carnis
703 1413 739 1440 ab
760 1413 915 1441 illecebris.

582 1501 624 1532 16.
664 1501 706 1533 De
727 1504 834 1534 sancto
856 1503 1008 1535 Caesario.

285 1569 330 1600 In
357 1569 387 1602 1.
416 1569 625 1609 VesperiS.
894 1575 958 1613 Quo
983 1574 1070 1606 Deus
1096 1584 1175 1606 unus
1200 1576 1356 1615 perducat

150 1633 188 1666 R.
216 1632 391 1672 Splendida
413 1637 511 1665 totum
535 1644 593 1674 per
617 1636 726 1667 orbem
938 1630 995 1652 ¹¹05
1021 1621 1113 1653 beata
1135 1624 1270 1655 trinitas·

268 1679 403 1720 refulget
426 1681 606 1713 solemnitas
1184 1716 1190 1722 .

218 1725 300 1766 Diei,
327 1735 419 1765 quam
442 1728 543 1766 patris
568 1729 642 1760 almi
950 1715 976 1745 Α
991 1715 1011 1745 d
1035 1715 1149 1747 Massll
1160 1719 1193 1747 ¹31
1203 1726 1252 1748 nu
1265 1726 1304 1748 m·

265 1773 417 1805 transitus
442 1773 580 1806 Caesarii
1024 1780 1238 1808 Invitatorium.

214 1819 387 1851 Decoravit
410 1829 531 1861 quaque
552 1823 679 1861 ,iunctus
889 1836 1066 1868 Adoremus
1089 1847 1194 1878 regem
1219 1848 1336 1879 regum,

267 1869 314 1919 est
339 1867 441 1920 choris
466 1869 634 1921 angelici&
940 1882 1097 1915 christum
1123 1885 1182 1917 Dei
1205 1885 1305 1919 filium

147 1912 185 1944 V·
215 1913 317 1952 ΗΠ-ῙΠ5
341 1916 421 1945 'fanu
445 1913 517 1968 ‚sum
541 1917 642 1969 Pffsris
892 1929 949 1968 Qui
975 1939 1078 1963 secum
1104 1934 1250 1971 provexit
1273 1914 1416 1968 salictum

263 1969 346 1992 nuno
370 1960 470 1993 beatis
492 1963 638 2001 preclbus
939 1977 1045 2009 Hodie
1070 1978 1249 2011 Caesarium

216 2007 431 2039 Jueundemur
451 2008 482 2061 is}
509 2009 645 2063 hap-die
895 2023 1014 2055 Civium
1039 2026 1080 2057 ad
1105 2036 1310 2067 supernorum

263 2062 331 2084 cum
356 2063 500 2094 8ΠΡΘΓΠῙὃ
527 2057 657 2090 cmm&
939 2072 1140 2110 splendidum
1166 2076 1367 2110 consortium.

333 2128 379 2154 Ad
397 2128 574 2164 Mag-nificat.

143 2174 183 2205 A.
211 2175 366 2206 Gaudium
391 2177 465 2208 anni
489 2178 615 2209 reduxit

261 2230 405 2261 magnum
429 2224 519 2256 nobis
544 2225 657 2268 orbita,
1033 2231 1226 2268 Antiphonae.

214 2268 289 2300 Cum
317 2265 520 2314 [Caesarium]
549 2273 672 2312 excepit
831 2276 862 2309 1.
889 2277 963 2308 Post
988 2280 1179 2312 sanctissimi
1204 2289 1365 2314 excessum

261 2315 416 2347 coelorum
442 2318 629 2361 sublimitas,
937 2327 1092 2363 praesulis
1117 2327 1210 2359 Eonii

951 2165 994 2196 Iu
1022 2166 1052 2198 1.
1076 2167 1309 2201 Nocturno.
