1650 2587
667 111 923 145 —140—

283 206 344 237 Ad
368 204 637 238 Matutinum.

349 270 562 297 Invitatorium.

221 327 340 366 Regem
364 326 540 368 laudantes,

265 374 333 413 regi
355 373 523 412 jubilemus
548 374 687 411 ovantes,

218 420 277 459 Qui
300 420 514 460 Margaretam

264 466 438 498 transvexit
455 466 488 496 in
500 466 629 496 aethera
640 465 765 496 laetam.

280 589 323 620 In
352 589 382 620 1.
408 587 439 619 N
453 589 637 619 octurno.

358 652 553 687 Antiphonae.

187 739 193 744 .
220 711 403 751 Margareta
429 710 533 741 colens

268 758 386 790 Christi
410 756 557 788 mirabile
579 765 703 798 nomen,

220 805 317 845 Virgo
342 804 407 837 fide
430 804 579 836 redolens

263 852 455 884 mundanum
479 851 602 890 respuit
625 859 725 882 omen.

186 935 192 943 .
217 910 308 942 Haec
331 912 381 941 est
401 908 491 948 virgo
515 916 616 949 sacra,

266 966 345 997 quae
378 955 566 994 contempsit
589 954 766 991 simulacra,

221 1004 279 1036 Cui
302 1004 375 1043 plus
401 1004 449 1033 est
472 1004 563 1042 grata

265 1049 393 1082 Domini
417 1049 469 1081 lex
493 1048 703 1079 immaculata.

188 1131 195 1137 .
220 1106 310 1137 Haec
332 1105 449 1136 mundo
476 1104 571 1135 corde

266 1153 355 1192 vixit,
381 1151 455 1190 quia
479 1151 580 1182 caruit
603 1149 707 1190 sorde,

218 1201 296 1232 Post
320 1200 403 1231 vitae
427 1206 551 1229 cursum

265 1245 445 1285 penetravit
469 1244 599 1276 aethera
621 1253 755 1277 sursum.

357 1338 562 1373 Responsoria.

193 1420 200 1428 .
226 1395 295 1427 Lux
320 1394 420 1435 fulget
443 1394 588 1433 celebris,

269 1452 329 1482 qua
351 1440 534 1481 Margareta
558 1441 665 1480 puella

220 1490 270 1522 De
293 1488 402 1520 mundi
425 1487 563 1519 tenebris

267 1536 367 1568 oritur
392 1535 478 1566 coelo
503 1543 585 1566 nova
608 1534 711 1572 stella,

221 1583 368 1616 Gaudens
392 1585 467 1613 ante
489 1581 592 1612 Deum

270 1628 443 1668 duplicavit
459 1627 498 1659 ab
515 1627 605 1658 hoste
617 1627 767 1666 trophae-

543 1682 613 1712 um3

182 1748 190 1756 .
217 1722 355 1753 Vocibus
382 1720 458 1752 hinc
482 1720 600 1751 crebris

268 1770 393 1799 resonet
416 1775 508 1798 sexus
531 1766 705 1799 muliebris

188 1850 194 1856 .
219 1824 317 1864 Virgo
341 1823 409 1855 Deo
431 1824 531 1862 grata,

267 1878 419 1911 generosa
442 1869 541 1908 stirpe
565 1871 680 1910 creata,

222 1917 340 1951 Christi
363 1918 433 1956 lege
453 1918 544 1955 pater

269 1965 356 2003 cujus
382 1966 467 1994 caret
493 1965 525 1993 et
547 1972 603 1994 sua
627 1965 736 2001 mater,

181 2038 188 2045 .
220 2011 312 2054 Quos,
338 2011 412 2050 quia
435 2010 576 2051 gentiles,

267 2057 348 2098 fugit
373 2059 405 2089 et
428 2059 556 2096 reputat
574 2057 663 2096 quasi
679 2056 767 2088 viles.

190 2139 197 2145 .
224 2113 335 2146 Carnis
360 2113 528 2154 spurcitias

267 2160 306 2192 ob
333 2160 449 2193 Christi
473 2160 595 2199 spernit
620 2168 766 2200 amorem,

219 2207 333 2239 Mundi
359 2207 488 2240 delicias

267 2255 382 2295 renuit,
397 2254 493 2285 decus
505 2256 600 2294 atque
611 2254 766 2293 decorem,

183 2327 191 2335 .
221 2301 310 2333 Haec
335 2301 563 2341 contemplatur

270 2348 417 2381 coelestia
440 2356 500 2379 nec
523 2349 665 2381 satiatur.

950 204 996 236 In
1022 206 1052 236 2.
1078 204 1163 235 Noc
1175 206 1306 237 turno.

1037 268 1231 303 Antiphonae.

839 324 868 356 1.
894 324 1017 356 Justiae
1042 324 1157 356 cultrix

946 374 978 401 et
999 371 1159 411 nequitiae
1183 370 1243 402 fuit
1267 372 1375 412 ultrix,

896 417 989 449 Nunc
1014 417 1140 450 Christo
1161 418 1281 461 juncta,

941 465 1014 504 quia
1030 473 1108 504 prae
1128 465 1324 497 consortibus
1337 467 1442 496 uncta.

836 521 867 553 2.
892 520 1029 552 Torrens
1052 518 1217 552 flumineus

939 568 1037 600 hodie
1059 576 1117 599 nos
1139 567 1333 612 laetificavit,

895 615 1034 654 Sponsus
1059 614 1176 654 quippe
1199 615 1285 648 Deus

941 670 1088 701 sponsam
1113 662 1174 694 sibi
1197 662 1414 696 sanctificavit.

837 719 867 750 3.
894 718 983 750 Haec
1008 721 1057 750 est
1080 717 1213 750 fundata

942 767 1121 797 constanter
1146 768 1176 796 et
1202 766 1378 807 aedificata,

892 812 1050 852 Mal-tyrio
1075 811 1166 844 fortis

940 861 1071 899 superat
1096 859 1278 891 discrimina
1303 860 1425 894 mortis.

1033 935 1238 969 Responsoria.

837 992 868 1024 1.
893 991 944 1022 Ex
968 991 1047 1022 Asia
1070 991 1198 1022 veniens

940 1041 1047 1076 partes
1068 1037 1149 1077 petit
1170 1039 1384 1070 Antiochenas

894 1085 1052 1124 Olybrius,
1084 1084 1211 1123 cupiens

941 1132 1057 1162 sanctis
1081 1129 1223 1170 infligere
1247 1141 1376 1172 poenas,

824 1178 862 1211 V.
893 1177 1061 1217 Nequitiae
1084 1178 1184 1218 testis,

940 1224 1015 1256 fidei
1039 1224 1222 1256 saevissima
1245 1227 1354 1264 pestis.

838 1283 869 1313 2.
896 1281 992 1321 Virgo
1016 1280 1082 1313 fide
1104 1280 1227 1312 stabilis

942 1337 962 1359 a
985 1327 1132 1367 praeside
1153 1336 1216 1359 non
1239 1331 1415 1370 superatur,

894 1374 963 1406 Nec
987 1384 1043 1406 sua
1065 1382 1153 1405 mens
1178 1373 1310 1415 fragilis,

942 1422 1015 1453 dum
1049 1421 1191 1452 caeditur
1215 1424 1247 1452 et
1272 1423 1439 1462 cruciatur,

823 1468 861 1499 V.
891 1469 929 1500 In
953 1469 1062 1507 poenis
1086 1470 1165 1507 orat,

940 1517 973 1545 et
996 1514 1120 1554 sanguis
1145 1513 1286 1545 membra
1310 1515 1439 1547 colorat.

836 1572 867 1604 3.
894 1570 1036 1602 Carceris
1061 1579 1080 1600 a
1103 1573 1195 1608 parte

942 1617 1057 1649 saliens
1075 1617 1170 1648 draco
1186 1617 1346 1649 daemonis
1360 1620 1438 1657 arte,

895 1663 1069 1695 Distinctus
1093 1672 1181 1694 more

940 1711 1028 1741 vario
1053 1710 1201 1749 varioque
1224 1711 1339 1752 colore,

893 1757 971 1789 Mox
996 1756 1081 1797 rapit
1101 1757 1258 1801 ancillam,

942 1803 1059 1836 Christi
1085 1812 1162 1835 crux
1184 1805 1299 1836 liberat
1324 1806 1422 1839 illam.

824 1849 861 1881 V.
890 1850 989 1882 Freta
1014 1851 1115 1882 crucis
1141 1851 1229 1891 signo

940 1900 1084 1930 servatur
1116 1898 1155 1929 ab
1180 1898 1270 1930 hoste
1293 1901 1441 1940 maligno,

895 1944 984 1976 Tunc
1007 1945 1078 1977 alvo
1105 1953 1196 1976 caesa

942 1993 1065 2031 crepuit
1088 2001 1151 2023 non
1176 1993 1297 2060 v‘irgine
1320 1995 1416 2027 laesa.

953 2086 999 2117 In
1026 2088 1056 2119 3.
1082 2085 1311 2120 Nocturno.

1034 2150 1228 2186 Antiphonae.

838 2207 868 2240 1.
893 2206 1056 2240 Laudibus
1081 2209 1218 2240 exsultet

939 2255 1031 2293 polus
1056 2256 1168 2294 omnis,
1192 2258 1280 2288 terra
1298 2258 1440 2300 resultet,

894 2300 1002 2332 Turba
1025 2302 1202 2342 puellarum

944 2349 1139 2389 congaudeat
1163 2353 1195 2381 et
1220 2350 1424 2383 dominarum.
