1650 2587
168 156 198 187 5.
225 155 262 187 In
288 157 448 187 aeternum

152 847 192 879 A.

271 202 401 233 verbum
425 202 567 234 veritatis

223 249 318 288 Apud
342 251 466 289 patrem

272 298 340 327 erat
364 298 395 327 et
419 298 591 335 permanet,

225 341 289 374 Sed
315 342 479 374 descendit

270 398 328 428 pro
354 388 498 429 gentibus
523 389 621 428 gratis

223 436 261 467 In
285 434 435 475 virginem

269 482 488 522 desponsatam
512 482 641 521 Joseph,

222 528 305 559 Dum
331 528 470 567 Gabriel,

271 576 319 607 vir
338 575 545 614 auctoritatis,

222 621 298 653 Fuit
320 622 433 653 missus

268 668 310 700 ad
334 669 445 700 urbem
470 667 637 700 Nazareth.

342 780 385 808 Ad
403 778 580 815 Magnificat.

221 847 373 879 Elevetur

270 894 406 926 humana
428 893 514 925 natio

222 941 266 972 Et
290 950 372 972 1111110
396 948 523 972 consors

270 996 425 1027 supernae
449 987 569 1026 gratiae

225 1033 427 1067 Consortetur

271 1082 384 1112 mentis
410 1080 533 1111 devotio

223 1128 260 1159 In
285 1127 429 1166 Domino,

271 1175 324 1213 qui
348 1173 433 1205 misit
456 1173 579 1204 Mariae

226 1220 414 1261 Gabrielem,

272 1267 491 1306 archangelum
516 1264 638 1307 fortem,

225 1314 282 1353 Qui
308 1313 436 1353 virginis

269 1360 308 1392 ab
333 1364 460 1392 aeterno
485 1362 600 1391 sortem

223 1407 388 1439 Nuntiavit

272 1455 428 1494 vitamque
451 1453 577 1485 1101111111.

226 1501 250 1533 Ο
275 1501 390 1540 Maria,

272 1548 387 1579 aneilla
408 1547 545 1587 Domini,

223 1595 326 1626 Isaiae

270 1642 376 1681 legens
400 1640 609 1681 prophetiam,

226 1689 400 1728 concipies,

266 1736 358 1774 Juxta
381 1734 549 1767 Jeremiam

228 1780 443 1814 Circumdabis

271 1828 371 1861 virum
397 1830 429 1858 et
451 1828 611 1867 Messiam,

224 1875 346 1908 Novum
371 1883 524 1917 magnum,

271 1923 353 1963 vide,
378 1930 419 1953 ne
443 1921 563 1961 timeas,

225 1969 269 2002 Ut
293 1968 416 2008 venisti,

269 2017 357 2057 virgo
381 2024 575 2056 permaneas,

224 2064 326 2095 Crede
349 2063 417 2095 Deo

269 2113 301 2141 et
324 2109 424 2142 redde
448 2109 565 2149 gratias

318 2156 469 2189 Gabrieli.

679 62 914 98 -74„.

956 159 1016 191 Ad
1041 157 1306 190 Matutinum.
1353 156 1356 159 '

1033 223 1245 251 Invitatorium.

899 281 1076 313 Adoremus

945 328 1047 359 Deum
1071 326 1300 367 absconditum,

898 374 1061 417 Emanuel,

946 421 998 460 qui
1022 429 1078 452 nos
1103 420 1253 462 visitavit,

898 466 1074 499 Salutemus

943 514 1073 553 virginis
1096 515 1231 553 uterum,

897 560 993 599 Quem
1018 559 1148 592 Gabriel

944 608 1070 638 sanctus
1093 606 1252 638 salutavit.

953 682 999 713 In
1026 682 1057 713 1.
1083 680 1313 713 Nocturno.

1040 745 1234 781 Antiphonae.

864 826 870 833 .
897 802 1097 834 Admirabile

943 859 1057 881 nomen
1078 848 1243 892 Emanuel,

897 896 1053 928 Collatum
1077 895 1205 935 homini,

946 943 1019 974 dum
1045 942 1130 974 venit
1154 942 1295 983 Gabriel,

899 990 961 1021 Hie
983 990 1085 1021 minor
1109 990 1227 1029 angelis

945 1037 1039 1075 paulo
1064 1035 1227 1074 perficitur

901 1083 955 1114 Ad
976 1086 1084 1114 nutum
1108 1083 1237 1123 virginis

946 1132 978 1160 et
1001 1129 1087 1161 Deus
1114 1129 1238 1163 dieitur.

864 1210 871 1217 .
898 1186 935 1218 In
960 1186 1047 1217 coelo
1071 1185 1224 1216 Dominus

945 1232 1129 1272 praesidens
1154 1235 1301 1271 potenter

898 1280 1076 1318 Pauperum
1099 1279 1244 1310 lacrimas

948 1326 1117 1357 elementer
1141 1326 1280 1365 respexit

900 1372 991 1404 Misit
1014 1372 1245 1412 archangelum,

947 1420 1000 1458 qui
1024 1419 1109 1451 venit
1133 1419 1269 1451 libenter

901 1466 963 1497 Pro
988 1475 1067 1505 pace
1091 1466 1259 1507 hominum,

947 1522 1023 1552 quos
1047 1512 1134 1545 Deus
1160 1513 1280 1544 dilexit.

868 1594 875 1600 .
903 1569 1043 1600 Virtutes
1067 1567 1204 1606 Domini,

945 1615 997 1654 qui
1022 1616 1111 1656 signa
1133 1614 1248 1655 facitis,

899 1661 1025 1701 Signum
1049 1662 1197 1700 apparuit

945 1717 1090 1749 magnum
1114 1708 1147 1740 111
1174 1710 1302 1749 virgine,

899 1755 995 1795 Virgo
1021 1756 1228 1788 circumdedit

945 1803 1057 1844 virum,
1080 1806 1117 1835 ut
1141 1804 1279 1844 cernitis,

901 1848 1018 1881 Mulier
1041 1849 1155 1882 amicta

946 1897 1043 1928 solari
1068 1897 1195 1931 lumine.

1038 1962 1243 1997 Responsoria.

866 2044 871 2050 .
899 2017 1009 2050 Gloria
1032 2019 1100 2051 laus
1125 2023 1157 2050 in
1184 2021 1316 2053 excelsis

944 2066 1148 2105 omnipotenti
1176 2068 1277 2108 detur,

898 2111 943 2142 Et
965 2112 998 2143 in
1022 2115 1109 2145 terra
1134 2114 1261 2145 dilectio

946 2159 1122 2192 hominibus
1148 2163 1279 2203 ametur,
