1650 2587
716 115 971 152 —245-

227 234 234 241 .
262 209 421 252 Christum
445 209 635 243 benedicere

261 256 419 296 Syreneus
442 258 567 296 meruit,

307 304 417 336 Victor
441 304 570 337 inimici.

227 405 234 412 .
260 379 441 412 Laudemus
465 379 645 419 Dominum,

305 435 396 466 quem
420 427 531 458 laudat
554 427 586 458 in
613 427 708 458 caelis

260 474 356 505 Miles
381 472 571 505 fortissimus

309 524 338 552 et
364 520 454 552 testis
476 519 591 553 fidelis.

380 640 426 668 Ad
445 641 628 668 Benedictus-

222 742 229 750 .
261 717 426 750 Glorifieet
451 717 617 750 Dominum

307 765 394 797 curia
416 765 571 805 coelestis,

936 213 1101 253 Ingressus
1125 213 1282 245 admixtus
1309 217 1356 245 cst

987 259 1137 300 angelicis
1159 259 1248 293 festis

938 306 983 338 Et
1008 307 1135 338 dotatur
1157 315 1286 339 munere

985 354 1171 385 immortalis
1195 354 1302 387 vestie.

1009 428 1053 460 In
1081 429 1111 460 2.
1139 428 1164 459 V
1176 428 1353 468 esperis.

1059 482 1104 509 Ac]
1123 483 1301 520 Magnificat.

938 530 962 562 Ο
988 531 1041 562 lux
1067 539 1152 571 vera,
1178 531 1254 563 Jesu
1277 531 1368 571 bone,

987 577 1120 617 Syrenei
1143 578 1290 617 precibus

938 625 988 655 Ac
1010 624 1110 664 ipsius
1135 625 1310 663 passionem

985 670 1107 702 Devote
1133 672 1306 704 colentibus

936 718 1045 758 Adsis,
1063 716 1187 759 famem,
1205 721 1348 760 mortem,
1366 722 1486 759 pestem

985 765 1023 796 ab
1050 772 1156 796 eorum
1180 765 1293 797 finibus

938 808 1056 853 Pelias,
1081 820 1203 853 pacem,
1231 812 1405 844 castitatem

985 858 1094 889 horum
1120 867 1225 890 serves
1250 859 1417 893 mentibus.

260 812 360 850 Quam
385 811 503 843 Christi
526 811 685 844 veridicus

309 860 466 899 Syreneus
486 859 576 890 testis

263 924 347 952 Brev.
369 932 420 951 ms.
443 922 680 950 Claromontense
699 930 773 949 saec.
797 920 839 949 15.
859 921 927 948 cod.
950 921 1188 958 Sangenevefian.
1211 923 1277 951 BBI.
1299 923 1330 950 H
1348 921 1361 939 ⁰
1383 922 1426 950 14.
1449 938 1485 943 —-

187 961 222 988 In
245 960 268 988 1.
283 962 366 989 Noct.
388 959 410 987 A
434 959 457 993 1,
481 959 495 987 1
517 961 624 988 Beatus
638 961 684 986 vir
698 961 756 995 qui.
835 957 857 984 A
872 956 898 991 3,
918 957 938 986 4
957 960 1087 987 coelitus.
1109 974 1144 978 -
1167 958 1186 986 R
1201 958 1227 993 3,
1247 959 1267 988 4
1280 962 1400 988 transir(
1418 962 1486 988 sub·-

187 1000 275 1026 iubat.
301 1014 339 1019 —
367 997 387 1025 R
409 996 435 1032 3,
461 996 477 1025 9
504 1000 621 1026 sanetus
647 998 810 1024 cunctebat,
836 1010 870 1014 —
898 996 934 1022 In
954 994 980 1022 2.
1001 997 1083 1024 Noct.
1105 995 1126 1023 Α
1149 996 1173 1030 1,
1203 997 1218 1025 1
1241 998 1417 1025 exaudiatur.
1446 1012 1483 1017 —-

188 1035 210 1061 A
228 1034 255 1069 2,
277 1035 292 1064 1
311 1037 411 1064 Verba
428 1043 492 1062 mea
512 1037 606 1062 sancti
626 1035 756 1070 percipit.
778 1048 815 1053 --
835 1031 857 1058 Α
871 1031 898 1066 2,
919 1031 937 1059 2
964 1034 1115 1061 ³xaudivit.
1138 1049 1175 1053 —
1196 1034 1217 1061 A
1232 1034 1259 1069 2,
1280 1033 1297 1059 9
1320 1036 1377 1068 Qui
1393 1036 1488 1070 juxta.

190 1088 224 1092 --
257 1072 278 1099 R
301 1073 324 1108 1,
347 1072 364 1101 5
384 1077 477 1100 tecum
500 1074 625 1108 erg'anzt.
652 1086 690 1090 —-
718 1069 738 1097 R
759 1069 786 1104 3,
808 1069 826 1097 2
845 1071 923 1097 Dum
943 1070 1079 1105 Syreneo.
1107 1086 1145 1090 —
1166 1070 1186 1097 R
1207 1070 1235 1105 3,
1254 1070 1272 1100 ὃ
1291 1073 1339 1099 Illi
1359 1074 1427 1100 visi.
1451 1088 1487 1092 —-

187 1109 207 1137 R
230 1109 257 1142 3,
281 1110 315 1139 10
336 1120 395 1138 non
416 1111 515 1137 esurit.
545 1126 581 1130 —
606 1109 642 1137 In
660 1106 687 1136 3.
708 1109 791 1136 Noct.
815 1106 834 1134 Β
856 1105 881 1140 2,
902 1106 922 1134 4
939 1108 981 1135 Et
999 1108 1078 1136 fehlt.
1101 1123 1136 1127 —
1155 1110 1190 1136 In
1210 1107 1302 1137 Laud.
1324 1110 1360 1136 ad
1382 1111 1487 1138 Bened.

184 1147 215 1182 Α,
243 1147 261 1177 3
283 1150 377 1183 Quam
398 1148 523 1184 ergiinzt.
550 1162 589 1166 —
611 1146 709 1173 Hiezu
729 1147 779 1173 der
799 1145 946 1180 Hymnus:
974 1146 1100 1173 Plaudet
1118 1147 1222 1174 chorus
1241 1147 1377 1181 fidelium,
1399 1149 1484 1176 Anal.

185 1187 252 1220 XII,
274 1185 338 1215 236.

632 1284 676 1316 93.
717 1285 760 1316 De
779 1285 885 1316 saneto
910 1285 1051 1317 Taurino.

937 1355 987 1387 De
1011 1363 1139 1387 numero
1166 1363 1295 1394 quorum

984 1402 1156 1434 Taurinum
1178 1402 1278 1433 Roma
1308 1400 1430 1434 beatum

936 1449 1050 1481 Edidit
1074 1457 1111 1479 ae
1136 1449 1257 1480 clarum

329 1358 374 1390 In
402 1357 432 1388 1.
460 1355 680 1395 vesperis.
880 1357 911 1388 2.

378 1411 423 1440 Ad
442 1410 619 1447 Magnificat-

184 1462 223 1493 A.
254 1461 402 1494 Festivas
426 1460 537 1491 laudes

304 1509 418 1540 devota
442 1511 548 1539 mente
573 1509 729 1545 canentes,

256 1556 370 1587 Inclita
395 1554 526 1586 Taurini

301 1602 495 1634 celebremus
521 1599 603 1632 festa
627 1599 723 1638 beati,

252 1650 401 1682 Obtineat
427 1649 548 1680 meritis

300 1698 354 1737 qui
377 1696 493 1737 gaudia
517 1696 634 1727 coelica
658 1693 759 1726 nobis.

321 1779 383 1810 Ad
408 1776 668 1809 Matutinum.

387 1837 603 1879 Invitatorium.

251 1892 332 1931 Regi
354 1892 510 1931 perpetuo

297 1939 467 1978 ,iubilemus
495 1937 590 1968 corde
614 1935 758 1980 benigno,

253 1986 310 2018 Cui
334 1984 443 2018 reddit,
463 1984 599 2023 Jubilum

299 2033 457 2066 Taurinus
482 2032 543 2062 rite
568 2039 747 2071 supernum.

308 2114 359 2146 111
386 2114 416 2146 1.
442 2112 673 2145 Nocturno.

393 2172 587 2209 Antiphonae.

216 2255 224 2262 .
253 2229 299 2263 Ut:
322 2229 428 2260 lumen
453 2225 528 2258 fidei

297 2276 443 2309 Christus
467 2272 677 2305 committeret
700 2272 779 2313 orbi,

249 2323 391 2358 instituit
418 2330 511 2353 veros

297 2369 404 2404 verani
424 2369 499 2409 :iure
523 2368 694 2419 ministros

984 1495 1140 1536 praeclari
1168 1495 1322 1536 dogmatis
1347 1498 1460 1530 ortum.

904 1596 910 1602 .
937 1571 982 1603 Et
1006 1579 1086 1611 quae
1108 1571 1295 1609 sanguineos

984 1618 1140 1658 gaudebat
1166 1618 1284 1649 habere
1309 1617 1445 1658 eol‹)nOS‚

935 1666 1110 1705 Tamquam
1132 1665 1225 1704 spina
1248 1673 1354 1696 rosam

983 1712 1099 1744 mundo
1111 1712 1208 1756 dedit,
1221 1720 1303 1752 ecoe,
1314 1712 1486 1746 lucernam.

934 1789 1017 1821 Nam
1041 1787 1163 1829 genitor
1186 1796 1314 1827 pravuS‚

982 1835 1159 1875 Tarquinus
1183 1835 1310 1867 nomine
1336 1834 1448 1873 dictus,

935 1882 1140 1916 Christicolas
1163 1882 1277 1922 gladiis

982 1938 1108 1969 semper
1131 1930 1295 1961 lacerabat.
1317 1929 1442 1968 iniquis.

935 2006 998 2038 Sed
1023 2005 1160 2046 genitrix
1185 2012 1298 2044 purum

978 2059 1108 2085 servans
1132 2051 1260 2083 Euticia
1278 2053 1384 2082 votum

933 2099 1098 2140 Obsequiis
1123 2098 1252 2130 Domini

981 2146 1115 2187 parebat
1140 2146 1237 2177 eorde
1260 2143 1358 2177 fideli.

932 2224 1038 2263 thue
1063 2220 1146 2267 feret
1171 2221 1291 2260 prolem

979 2269 1105 2303 Christo
1130 2268 1274 2308 paritura
1297 2266 1434 2308 fidelem,

931 2318 1090 2358 Jungebat
1119 2316 1267 2356 precibus

982 2363 1141 2397 confertos
1165 2371 1294 2395 munere
1319 2361 1451 2396 fruetus.
