1651 2588
258 240 264 246 .
291 215 487 247 Mausoleum

337 262 497 294 conditum
521 261 621 294 nobili

290 309 458 341 Maximini

339 364 452 395 corpus
477 354 623 394 occuluit,

289 404 327 436 In
352 411 412 442 quo
436 404 526 441 patet

336 448 437 489 figura
459 448 610 488 sculptili,

289 496 353 528 Ubi
376 494 481 528 flendo

331 542 432 574 lavari
455 541 580 581 meruit,

290 589 334 621 Et
357 597 452 627 super
473 590 534 620 hoc

340 634 472 667 fundare
496 634 617 666 studuit

290 682 358 714 Deo
384 684 535 721 templum

339 729 425 760 cultu
448 727 619 765 laudabili;

255 803 261 809 .
291 775 349 808 Cui
374 775 456 806 enim

340 822 442 853 minus
468 822 646 860 dimittitur,

292 869 376 901 Huic
402 869 548 901 dimissor

339 915 439 947 minus
466 916 616 955 diligitur.

386 999 432 1031 In
457 999 681 1031 Laudibus,

439 1059 630 1093 Antiphonae.

262 1139 268 1145 .
293 1112 467 1144 Revelante

342 1159 447 1190 divino
472 1159 586 1198 spiritu

295 1205 357 1237 Suo
381 1206 509 1244 praesul

342 1251 498 1291 praescito
523 1251 667 1289 transitu,

297 1298 438 1338 Supplex
463 1300 533 1330 orat

341 1345 374 1376 in
398 1345 482 1376 vitae
507 1345 648 1384 termino,

302 1392 343 1424 Ut
367 1394 439 1431 post
462 1394 592 1423 mortem

345 1441 454 1478 regnet
479 1447 548 1469 cum
570 1438 714 1470 Domino.

266 1522 272 1528 .
299 1494 446 1533 Spiritali

344 1540 470 1580 plaudit
492 1541 614 1573 laetitia

300 1587 398 1618 Nulla
422 1588 525 1619 carnis

344 1637 446 1665 motus
470 1634 623 1675 molestia,

299 1680 377 1712 Suas
401 1680 469 1712 Deo

345 1727 488 1758 revelans
513 1727 651 1768 semitas,

300 1773 394 1812 Cujus
415 1782 538 1815 semper

341 1820 483 1852 consistit
507 1821 632 1853 veritas.

267 1903 273 1910 .
300 1876 401 1908 Verae
425 1876 505 1908 lucis

347 1932 477 1955 servans
500 1924 647 1956 excubias

302 1970 383 2002 Oves
407 1970 475 2003 Deo

350 2018 546 2050 commendat
569 2018 728 2057 proprias,

303 2064 353 2095 Ne
376 2064 542 2096 trahantur

346 2120 365 2142 a
388 2112 498 2143 mundi
522 2111 657 2151 turbine,

303 2157 385 2196 Quos
410 2157 584 2198 baptismus

348 2205 427 2236 lavit
450 2214 469 2237 a
495 2205 632 2237 crimine.

267 2284 276 2293 .
302 2260 390 2293 Sicut
412 2270 505 2293 uvam

351 2308 451 2339 cultor
474 2318 494 2341 a
518 2309 619 2348 vinea,

302 2354 390 2386 Sicut
413 2364 544 2394 granum

348 2404 457 2442 sperat
478 2403 519 2435 ab
546 2412 631 2444 area,

742 119 992 153 —164—

965 213 1018 245 Sic
1041 214 1227 251 exspectans

1013 259 1147 291 imbrem
1170 257 1342 290 serotinum

967 305 1138 337 Benedixit

1015 352 1164 384 sacerdos
1185 350 1363 384 Dominum.

911 406 941 437 5.
969 404 1083 435 Psallit
1108 403 1214 443 corde,

1014 450 1125 490 psallit
1149 449 1308 489 operibus,

968 498 1082 530 Psallit
1105 505 1161 528 ore

1014 543 1152 583 profusis
1177 542 1334 583 precibus,

966 591 1045 623 Suos
1069 590 1137 622 Deo

1018 638 1238 669 commendans
1265 636 1377 675 exitus,

969 685 1067 724 Quem
1092 684 1236 715 coelestis

1016 731 1127 763 laudat
1151 731 1316 762 exercitus.

1088 790 1133 817 Ad
1153 790 1336 818 Benedictus.

932 860 938 867 .
970 836 1068 869 Juxta
1092 833 1232 865 tumbam

1016 881 1129 913 beatae
1154 880 1325 923 complicis,

970 929 1057 961 Sicut
1081 929 1208 959 sanctus

1016 976 1087 1015 ipse
1109 977 1327 1014 praeceperat,

971 1022 1151 1054 Collocatur

1019 1077 1131 1108 corpus
1156 1067 1313 1107 pontificis

967 1116 1056 1147 Intra
1080 1124 1214 1153 sacrum,

1018 1162 1101 1202 quod
1123 1164 1391 1201 praeparaverat3

970 1209 1032 1241 Hic
1056 1209 1190 1240 adversa

1020 1256 1181 1295 depellens
1206 1259 1346 1296 superat,

971 1303 1045 1334 Atri
1070 1303 1154 1334 vires

1019 1348 1168 1389 frangens
1193 1348 1334 1388 artificis,

972 1396 1016 1427 Et
1039 1405 1097 1435 per
1121 1405 1209 1427 suum

1016 1443 1164 1481 juvamen
1188 1443 1288 1481 apicis

973 1489 1148 1521 Sanitatum

1021 1536 1118 1575 signis
1144 1535 1305 1567 exuberat.

1044 1601 1090 1632 In
1116 1602 1146 1632 2.
1174 1601 1387 1639 Vesperis.

1092 1655 1137 1682 Ad
1159 1654 1337 1689 Mag-nificat.

937 1725 943 1731 .
975 1699 999 1731 O
1024 1698 1159 1738 benigne

1021 1745 1139 1784 primas
1163 1744 1367 1785 Aquensium,

977 1792 1071 1833 Cleri,
1096 1792 1198 1831 plebis

1024 1839 1133 1870 doctor
1158 1841 1190 1870 et
1215 1839 1349 1878 domine,

976 1886 1027 1917 Da
1051 1886 1209 1928 virtutem,

1024 1933 1151 1964 succide
1174 1933 1294 1976 vitium,

978 1980 1076 2012 Serva
1100 1982 1170 2012 tuos

1023 2027 1063 2059 ab
1089 2027 1173 2059 omni
1198 2028 1336 2070 crimine,

982 2074 1025 2107 Ut
1048 2074 1209 2106 subtracto

1027 2121 1130 2153 carnis
1155 2122 1327 2161 spiramine

980 2168 1189 2200 Transeamus

1028 2215 1069 2246 ad
1093 2215 1178 2247 vitae
1201 2216 1349 2256 gaudium

980 2261 1235 2301 Contemplantes

1026 2311 1149 2347 patrem
1174 2312 1207 2341 et
1229 2309 1329 2341 filium

980 2354 1229 2395 Conregnantem

1029 2411 1099 2434 cum
1122 2406 1231 2438 sancto
1255 2402 1390 2438 flamine.
