1651 2588
710 125 968 161 —151—

252 219 434 260 Reparator
459 222 595 253 omnium

254 266 335 306 Ejus
362 268 555 300 desiderium

302 315 502 355 Adimplevit
525 316 627 348 bonis.

393 381 600 416 Responsoria.

223 452 229 458 .
256 427 355 459 Juxta
379 427 514 460 fratrum

304 476 560 507 consuetudinem

255 522 345 554 Tunc
369 523 509 554 Zosimas

304 578 363 609 per
387 570 588 602 solitudinem

257 617 395 656 Pergens
421 617 503 649 vidit

303 667 432 703 praeter
454 665 538 696 hanc
561 664 727 703 neminem,

220 737 225 743 .
255 710 328 742 Non
351 711 509 743 hominem

259 758 326 789 Aut
349 759 471 790 bestiae

307 805 556 838 similitudinem.

223 885 231 892 .
256 861 428 901 Elongavit
451 860 574 901 fugiens

257 908 384 939 Nudam
409 917 453 948 se,
481 909 675 948 conspiciens

306 954 417 987 Senem
442 957 692 995 prosequentem,

258 1002 329 1045 Hic,
357 1002 433 1042 quid
458 1006 550 1042 essct,
575 1001 729 1040 nesciens,

257 1048 468 1081 Exclamabat
491 1049 652 1088 inquiens:

306 1095 434 1127 Sustine
459 1098 646 1127 currentem.

222 1169 229 1176 .
261 1142 419 1182 Cooperta
443 1143 569 1174 rediens

261 1190 358 1222 Stetit
382 1198 488 1221 senem
513 1190 644 1221 audiens

304 1235 451 1268 Flentem
477 1239 509 1268 et
533 1238 716 1276 gementem.

225 1318 232 1325 .
260 1292 379 1333 Sancti,
405 1302 498 1333 quem
520 1302 583 1325 uon
607 1294 749 1331 noverat,

308 1340 434 1372 Vocans
459 1349 572 1372 nomen
597 1339 681 1371 senis

260 1386 374 1419 Refert
396 1387 466 1429 hoc,
493 1387 576 1427 quod
602 1388 709 1426 egerat

306 1435 408 1466 Annis
432 1444 452 1466 a
476 1434 524 1465 bis
549 1434 642 1471 senis,

222 1505 229 1512 .
259 1482 362 1513 Audit
387 1484 418 1512 et
443 1481 623 1513 considerat

309 1528 463 1561 Constans
488 1529 538 1560 vir
563 1531 595 1559 et
617 1527 708 1560 lenis,

327 1615 372 1646 In
396 1614 427 1646 3.
455 1614 512 1646 No
525 1615 683 1644 cturno.

404 1673 599 1709 Antiphonac.

228 1759 235 1766 .
262 1732 351 1763 lntcr
374 1734 484 1771 gentes
509 1731 642 1771 gloriam

305 1779 385 1818 Ejus
411 1779 599 1818 nuntiemus,

261 1827 357 1866 Cujus
381 1835 439 1858 nos
459 1826 642 1857 memoriam

307 1874 438 1906 Sacram
460 1882 671 1905 recensemus.

228 1959 234 1965 .
260 1931 360 1963 Recto
390 1931 486 1962 corde
509 1929 686 1970 poenitenti

309 1977 421 2010 Carnis
446 1978 486 2009 de
509 1978 644 2016 luxuria,

262 2025 360 2057 Juxta
384 2027 473 2056 recta
497 2023 629 2056 facienti

310 2073 388 2105 Orta
413 2074 462 2103 est
484 2072 618 2103 laetitia.

229 2157 236 2164 .
262 2130 299 2162 In
327 2132 497 2168 conspectu
522 2128 659 2168 gentium

310 2176 433 2208 Tantae
456 2175 567 2206 matris
593 2183 691 2214 opera

261 2223 431 2257 Revelavit
455 2222 593 2254 omnium

308 2272 389 2313 Rex,
415 2270 467 2310 qui
492 2269 575 2309 regit
602 2269 719 2301 sidera.

405 2336 613 2371 Responsoria.

228 2412 236 2420 .
261 2387 341 2419 Post
364 2384 450 2418 vitae
474 2383 595 2415 monita

263 2433 363 2468 Redit
385 2432 428 2464 ad
453 2431 548 2464 solita

938 223 1040 255 Senex
1065 224 1097 253 et
1121 222 1216 253 eremi

936 271 1051 302 Altera
1072 269 1171 300 volita

937 317 1056 349 Petivit
1079 315 1197 356 abdita,

866 363 905 395 V.
936 364 1052 396 Christi
1078 363 1193 395 mundo
1218 372 1350 403 corpore

936 411 981 443 Et
1006 418 1116 442 cruore
1140 411 1269 442 munita.

881 464 912 495 2.
938 462 1053 494 Mersis
1078 462 1152 493 olim
1176 462 1318 493 hostibus

935 509 1028 541 Mare
1052 509 1150 541 firmis
1174 509 1333 549 gressibus

984 556 1113 597 Moyses
1140 556 1282 596 calcavit,

938 603 1053 635 Potens
1078 603 1156 634 haec
1178 603 1347 635 virtutibus

937 650 1039 690 Super
1062 659 1159 689 aquas
1183 650 1318 689 pedibus

986 697 1084 729 Siccis
1109 697 1283 729 ambulavit

868 744 905 776 V.
934 744 1063 776 Excelsi
1082 753 1160 783 prae
1184 744 1309 783 regibus

937 792 1072 831 Virtute,
1099 791 1152 830 qui
1175 789 1322 822 fluctibus

983 838 1084 870 Maris
1108 838 1285 877 imperavit.

880 892 912 923 3.
937 890 1035 921 Redit
1058 897 1153 921 senex

984 939 1059 976 post
1081 936 1154 967 anni
1181 937 1328 967 circulum

937 983 1122 1022 Mariaeque

985 1031 1073 1062 videt
1098 1029 1139 1060 ad
1166 1030 1289 1061 oculum

937 1076 1093 1108 Examine

983 1124 1093 1162 jacens
1120 1124 1340 1162 corpusculum

938 1169 1136 1211 Refulgentis

986 1226 1045 1257 per
1070 1217 1163 1248 lunae
1187 1218 1358 1257 speculum,

871 1264 907 1295 V.
939 1264 1138 1296 Famulatum

987 1312 1138 1343 exhibens
1165 1311 1310 1343 sedulum

938 1359 1043 1390 Adest
1065 1358 1115 1390 leo

987 1414 1181 1445 praeparans
1206 1405 1369 1438 tumulum.

1038 1472 1083 1503 In
1109 1470 1334 1503 Laudibus.

1082 1520 1267 1555 Antiphonae

872 1566 903 1598 1.
929 1565 1133 1597 Exsultemus
1158 1564 1253 1596 hodie

984 1612 1070 1644 Voce
1094 1611 1257 1643 modulata

942 1659 1060 1692 Felicis
1083 1659 1262 1698 Aegyptiac

944 1704 1131 1748 [Memores]
1156 1706 1335 1746 memoriae,

943 1753 1000 1786 Cui
1021 1755 1088 1793 jam
1111 1753 1145 1784 in
1168 1754 1277 1793 requie

990 1800 1088 1833 Sedes
1114 1803 1162 1831 est
1185 1803 1308 1840 parata.

884 1855 915 1886 2.
941 1853 1021 1892 Quia
1044 1854 1153 1892 portas
1177 1852 1304 1884 Domini

992 1899 1142 1932 Gaudens
1164 1899 1318 1941 introivit,

944 1948 998 1980 Illi
1023 1945 1223 1988 confitemini,

992 1995 1091 2033 Quem
1113 1993 1193 2024 haec
1217 1994 1396 2033 exquisivit.

888 2050 919 2081 3.
947 2047 1049 2086 Super
1073 2045 1154 2076 vitas
1179 2048 1226 2076 est
1249 2046 1361 2077 melior

944 2094 990 2126 Et
1015 2092 1137 2125 dulcior

945 2141 1007 2173 Dei
1031 2139 1191 2179 memoria,

947 2188 1045 2226 Quam
1067 2186 1172 2219 Maria

947 2235 1091 2275 Experto.
1116 2237 1165 2265 est
1188 2234 1356 2275 Aegyptia..

889 2290 920 2320 4.
948 2287 1026 2320 Cum
1051 2287 1111 2318 hac
1135 2285 1197 2317 Dei
1221 2285 1340 2318 famula

993 2333 1163 2366 Dominum
1185 2334 1350 2366 laudemus

947 2382 992 2415 Et
1016 2390 1086 2413 eum
1110 2381 1144 2412 in
1169 2382 1296 2413 saecula

991 2429 1122 2470 Semper
1147 2430 1328 2463 exaltemus,
