1650 2587
281 198 357 231 Sola
381 199 500 232 Christi

328 248 493 279 contentus
515 250 618 288 gratia

326 293 396 326 Nee
420 303 533 327 curans
558 296 631 330 alia.

209 339 247 371 V.
279 339 392 372 Petrus
419 342 544 374 Christo

328 388 505 422 adhaerens
530 389 667 431 fortiter,

281 434 437 468 Mundum
463 437 561 469 vincit

329 484 444 516 Petrus
468 485 614 517 viriliter.

223 539 254 570 2.
281 537 402 571 Lumen
427 541 529 572 latens
554 542 612 573 sub
637 542 753 582 modio,

282 585 365 617 Dum
386 586 419 619 in
444 588 543 619 altum
568 589 734 626 attollitur,

285 632 385 673 Vitae,
414 635 576 667 doctrinae
596 636 686 667 radio

282 679 325 711 Et
350 681 448 720 signis
475 680 598 722 fulgens
624 683 778 715 redditur.

212 726 247 759 V.
278 726 399 759 Doctor
422 727 492 760 ubi-

332 783 392 814 que
417 774 520 808 faetus
544 776 720 816 praedicat,

284 821 420 854 Cunctos
448 823 549 863 docet,

331 872 460 902 cunctos
484 870 653 904 illuminat.

224 926 255 958 3.
283 924 454 966 Dignitatis

331 973 504 1005 ascendens
531 973 667 1005 culmina

284 1018 399 1051 Sancte
423 1020 512 1060 vivit,

331 1069 491 1106 expugnat
516 1066 647 1098 crimina

280 1112 324 1145 Et
350 1113 515 1145 commissa

328 1159 483 1193 reformat
507 1162 642 1201 agmina,

282 1206 379 1238 Nulla
402 1211 545 1239 sanctum

329 1253 480 1294 frangunt
505 1255 706 1294 discrimina,

211 1301 249 1333 V.
281 1301 384 1333 Nocte
409 1302 489 1333 coeli

328 1349 527 1388 perlustrans
552 1349 680 1388 lumina,

276 1395 339 1427 Die
362 1396 457 1427 terris

331 1443 387 1474 dat
407 1442 498 1475 verbi
523 1444 653 1476 semina.

346 1518 391 1550 In
422 1520 452 1552 3.
479 1518 705 1551 Nocturno.

423 1574 620 1610 Antiphonae.

223 1623 253 1655 1.
279 1622 358 1655 Post
381 1622 506 1654 abbatis
531 1620 670 1654 officium

327 1669 478 1701 divinitus
504 1672 634 1701 vocatus

276 1716 354 1750 Fuit
377 1716 463 1757 apud
487 1716 678 1748 Musterium

324 1764 365 1796 ad
392 1764 515 1796 culmen
541 1764 751 1803 praesulatus

222 1823 253 1854 2.
279 1821 398 1853 Factus
423 1821 550 1860 praesul
577 1820 730 1853 ecelesiae

325 1877 402 1900 suae
427 1867 648 1900 reformandae

277 1916 323 1948 Et
346 1915 443 1947 saluti
467 1915 577 1955 populi

325 1963 433 1995 studet
457 1963 647 2002 operandae.

222 2022 253 2054 3.
284 2019 457 2059 eompletis
482 2018 619 2051 feliciter

326 2076 407 2108 quae
433 2069 524 2100 erant
547 2067 679 2109 minora,

279 2116 422 2148 Tandem
449 2113 632 2147 felicissime

324 2163 430 2195 tendit
454 2163 494 2195 ad
521 2163 653 2202 maj0ra.

415 2223 623 2258 Responsoria.

219 2271 249 2303 1.
276 2269 315 2301 In
340 2266 449 2299 odoris

320 2314 407 2346 vitae
431 2312 604 2354 fraglantia

279 2363 472 2402 Populorum

328 2409 428 2443 currit
451 2406 631 2450 frequentia

810 106 878 141 205
928 127 971 133 -—

890 391 928 424 V.

893 778 931 809 V.

962 204 1059 244 Signa
1082 203 1193 235 videns

1011 251 1158 282 virtutum
1183 249 1270 281 varia

959 298 1001 330 Et
1027 305 1199 337 exposcens

1007 345 1108 376 saneti
1133 343 1297 383 suffragia;

963 391 1152 424 Catervatim

1007 441 1117 470 ruente
1140 438 1258 477 populo

959 485 1149 518 lmminebat

1004 541 1088 564 mors
1113 531 1174 563 Dei
1199 530 1325 564 famulo.

963 589 1102 622 Granum
1129 597 1290 620 excussum
1315 588 1417 626 palea,

1010 635 1100 668 Nexu
1121 637 1258 667 solutum
1282 635 1376 673 luteo,

964 683 1014 715 De
1037 682 1189 714 mundiali
1215 690 1291 713 area

1010 730 1098 762 Coeli
1123 729 1246 761 locatur
1271 729 1402 767 horreo3

962 778 986 810 O
1013 785 1081 808 oum
1106 779 1221 815 quanto

1009 826 1155 863 receptus
1180 822 1294 862 gaudio

964 872 1002 904 In
1029 870 1188 902 doctorum

1011 916 1110 958 fulget
1133 917 1299 949 consortio

931 1000 937 1006 .
965 974 1099 1012 Grcgem
1126 975 1221 1010 tuum,

1009 1023 1119 1059 pastor
1144 1020 1278 1059 egregie,

963 1067 1093 1098 Festum
1116 1068 1203 1097 tuum

1011 1113 1163 1145 colentem
1189 1113 1283 1144 hodio

964 1160 1041 1192 Tuis
1066 1161 1184 1192 sanetis

1014 1207 1150 1239 defende
1175 1206 1322 1246 precibus

964 1256 994 1287 A
1019 1255 1172 1286 malorum

1012 1302 1131 1334 eunctis
1156 1300 1344 1339 incursibuS,

966 1348 1009 1381 Ut
1033 1348 1090 1380 sub
1114 1351 1167 1380 tuo

1009 1404 1093 1427 nune
1117 1394 1303 1434 patrocimo,

963 1443 1031 1475 Tuo
1055 1442 1184 1474 tandem

1007 1489 1050 1521 sit
1072 1490 1105 1521 in
1131 1488 1296 1520 consortio.

1058 1566 1105 1598 In
1126 1565 1154 1596 L
1162 1574 1182 1596 a
1190 1574 1211 1595 u
1218 1564 1238 1596 (1
1247 1565 1258 1595 i
1268 1564 1287 1594 b
1294 1573 1315 1594 u
1323 1572 1347 1595 s.

1107 1620 1302 1656 Antiphonem.

929 1697 936 1703 .
964 1670 1067 1702 Adest
1093 1669 1160 1701 dies
1187 1667 1365 1707 memoriae,

1011 1716 1078 1755 Quo
1103 1717 1216 1749 Petrus
1241 1716 1291 1747 vir
1315 1712 1498 1754 magnificus

963 1764 1092 1796 Transit
1116 1764 1158 1795 ad
1184 1771 1311 1803 regnum
1337 1761 1457 1803 gloriae

1011 1811 1096 1843 Civis
1122 1811 1249 1843 effeetus
1277 1810 1420 1841 coelicus

931 1892 937 1898 .
965 1869 990 1900 O
1020 1877 1089 1900 cum
1115 1870 1228 1908 quanta
1256 1867 1379 1899 laetitia

1010 1915 1170 1954 Receptus
1196 1918 1242 1946 est
1266 1915 1299 1946 in
1326 1914 1432 1956 caelis,

964 1962 1040 1994 Cum
1068 1963 1160 2001 dona,
1187 1963 1275 1993 luera
1300 1962 1388 1993 varia

1010 2009 1166 2049 Reportat
1190 2009 1240 2040 vir
1263 2009 1378 2042 fidelis.

931 2091 937 2097 .
963 2067 999 2099 In
1024 2066 1118 2098 terris
1139 2067 1171 2098 in
1197 2065 1329 2097 modieis

1013 2112 1134 2144 &erens
1159 2122 1194 2144 se
1217 2111 1366 2155 fideliter,

965 2161 999 2192 ln
1028 2160 1123 2192 coelis
1147 2161 1181 2191 in
1206 2161 1351 2192 maximis

1012 2207 1168 2239 Ascendit
1192 2207 1378 2241 sublimiter.

964 2264 1058 2297 Felix
1082 2264 1196 2296 Petrus
1223 2267 1254 2295 et
1278 2265 1401 2304 merito,

1014 2312 1112 2352 Quem
1126 2311 1280 2352 Clu-istus,
1300 2320 1370 2344 eum
1387 2313 1518 2353 venerit,

964 2360 1026 2392 Pro
1052 2367 1146 2399 grege
1170 2358 1231 2390 sibi
1257 2360 1378 2393 credito

1012 2407 1205 2448 Vigilantem
1228 2407 1360 2443 invenit.
