1651 2588
743 69 971 103 -75-

345 158 389 189 In
417 160 448 192 3.
474 158 696 195 Nocturno.

425 242 617 275 Antiphonae.

227 305 257 339 1.
285 305 417 339 Cantate
441 309 574 340 Domino

329 362 435 386 omnes
461 358 634 396 creaturae,

281 399 442 441 Homines,
469 402 572 441 angeli

328 448 466 487 aequalis
492 456 651 488 censurae,

281 492 448 526 Consortes
473 495 592 533 gloriae

325 541 453 580 psallite
478 541 517 572 de
537 542 618 580 J'ure.

222 605 253 636 2.
278 604 425 637 Exsultet
449 609 536 637 terra
559 606 716 646 laudibus,

324 652 493 684 Exsultent
517 651 575 684 filii
599 653 712 693 Judae,

276 699 311 730 In
338 702 424 731 terra
447 708 510 739 pax
534 700 709 731 hominibus

321 745 398 778 Orta
422 750 479 785 est,
505 747 558 778 lux
582 747 615 778 in
639 747 731 788 nube,

277 792 352 824 Cum
378 793 508 826 Gabriel
533 794 739 834 archangelus

323 841 416 872 Venit
439 849 497 881 pro
521 841 630 873 mundi
654 842 764 875 salute.

219 905 248 936 3.
276 905 415 937 Benedic
439 906 584 949 Domino,

323 953 410 992 virgo
435 954 613 996 benedicta,

275 998 417 1031 Benedie
438 1001 558 1040 nuntio,

321 1047 373 1085 qui
398 1050 430 1078 te
454 1047 626 1087 benedixit,

273 1092 361 1123 Inter
385 1094 533 1125 mulieres

320 1140 472 1179 speciosa,
501 1141 594 1180 digna

272 1186 334 1217 Pro
359 1187 441 1226 regis
465 1185 541 1227 filio,

320 1233 372 1272 qui
396 1236 428 1264 te
452 1234 638 1273 concupivit.

411 1336 614 1370 Responsoria.

214 1391 243 1422 1.
271 1391 420 1423 Laetetur

317 1448 407 1470 omne
431 1440 587 1472 saeculum

270 1484 427 1517 Gabrielis

315 1533 453 1565 adventu
474 1534 623 1573 jucundo,

271 1579 461 1611 Veneremur

316 1629 458 1657 sanetum
483 1627 714 1667 archangelum,

270 1671 369 1703 Nobis
394 1673 521 1705 missum

317 1719 357 1750 dc
382 1720 461 1751 coeli
484 1718 652 1759 profundo,

268 1765 326 1803 Qui
351 1766 464 1805 virgini

314 1813 419 1843 attulit
444 1813 592 1845 annulum

265 1858 445 1898 Nuptialem

315 1908 346 1937 et
370 1906 458 1946 pacis
484 1907 650 1940 cumulum.

197 1952 234 1983 V.
267 1952 446 1984 Gabrielem
471 1953 702 1995 archangelum,

265 1999 401 2032 Nostrae
424 2000 533 2032 salutis
558 2001 708 2045 nuntium,

265 2046 330 2078 Nos
356 2049 480 2087 oportet
505 2047 678 2087 deprecare

263 2092 381 2125 Debita
402 2094 587 2127 reverentia.

206 2159 235 2190 2.
264 2157 393 2190 Gabriel
416 2160 542 2198 angelus

309 2206 420 2238 missus
445 2206 487 2239 ad
511 2207 646 2239 Mariam

262 2252 434 2284 Venturum
456 2254 489 2284 in
515 2262 582 2285 eam

308 2299 433 2332 nuntiat
455 2299 615 2342 Messiam,

884 1772 903 1803 [Ο

959 163 1119 198 Turbatur
1142 165 1247 198 Maria

1007 211 1046 242 de
1070 212 1166 243 verbo
1192 213 1305 252 angeli,

959 256 1116 288 Ancillam
1141 266 1176 288 se
1201 258 1281 291 dixit

1004 303 1152 335 humilem
1175 303 1320 343 Domin13

957 349 1040 381 Ecce
1064 350 1181 382 ancilla
1205 350 1315 383 humili

1004 397 1108 429 Maria
1132 397 1345 436 respondente

957 443 1012 474 Fit
1036 443 1123 483 virgo
1146 446 1247 475 mater
1270 444 1407 484 Domini,

955 490 1011 522 Fit
1035 491 1164 522 verbum
1190 499 1261 522 caro
1280 489 1389 522 famuli

1002 537 1137 569 Domino
1163 540 1323 576 operante.

922 627 930 635 .
956 602 1074 634 Missus
1100 605 1147 635 est
1172 612 1301 643 magnus
1326 604 1455 643 angelus

998 650 1051 681 Ad
1076 651 1199 689 portam
1223 650 1256 681 in
1283 651 1439 691 concIave,

954 696 1050 734 Quem
1075 697 1162 729 misit
1184 706 1294 729 manus
1319 697 1455 738 Domini,

996 744 1120 775 Mariae
1144 744 1225 775 dixit
1249 746 1335 787 Ave3

954 790 1091 830 Virginis
1117 790 1315 823 formidinem

999 837 1187 869 Demulcens
1213 841 1245 869 et
1269 837 1461 881 confortans,

952 884 1075 916 Blando
1100 894 1243 917 sermone
1268 885 1421 925 virginem

998 931 1191 972 Adloquitur
1218 932 1404 965 exhortans:

948 977 1028 1018 Ave,
1056 978 1151 1019 virgo,
1175 987 1214 1009 ne
1238 979 1359 1019 timeas,

1000 1024 1142 1056 Gratiam
1166 1025 1314 1056 invenisti

949 1071 1045 1110 Apud
1070 1072 1181 1109 Deum,
1209 1072 1264 1103 sed
1291 1073 1439 1112 gaudeas,

996 1118 1074 1150 Nam
1102 1118 1164 1150 eris
1189 1122 1288 1150 mater
1314 1119 1441 1152 Christi.

1036 1239 1051 1270 1
1061 1249 1081 1270 n
1106 1239 1133 1271 L
1142 1248 1161 1270 a
1170 1248 1189 1270 u
1200 1239 1219 1270 d
1228 1240 1239 1270 i
1249 1239 1268 1270 b
1279 1249 1299 1271 u
1308 1250 1334 1274 S.

1087 1312 1281 1348 Antiphonae.

912 1403 918 1410 .
946 1379 1104 1411 Mirabilis

989 1429 1022 1457 in
1047 1427 1120 1458 altis
1145 1426 1308 1467 Dominus,

943 1472 1003 1512 Qui
1024 1473 1168 1505 decorem

992 1529 1060 1551 cum
1085 1519 1271 1552 fortitudine

942 1566 1075 1598 Indutus
1101 1569 1149 1598 est

988 1613 1021 1644 in
1046 1616 1146 1645 matre
1171 1613 1302 1654 virgine,

943 1659 989 1692 Ut
1012 1659 1173 1698 praedixit

990 1706 1119 1738 Gabriel
1143 1708 1281 1746 angelus.

907 1797 914 1803 .
940 1771 1092 1814 Jubilate,

988 1821 1073 1851 terra
1098 1823 1129 1851 et
1153 1821 1266 1861 omnia,

939 1865 1091 1905 Angeliea

986 1914 1095 1952 psallit
1115 1914 1262 1955 melodia,

940 1959 1070 2003 Plaude,
1099 1962 1185 2000 virgo

984 2008 1110 2039 nomine
1134 2008 1249 2051 Maria,

937 2053 1051 2094 Mater,
1077 2064 1202 2095 sponsa,

984 2102 1108 2142 aneilla,
1135 2101 1209 2136 filia.

904 2189 910 2195 .
937 2166 1054 2198 Missus
1080 2171 1128 2200 est
1152 2177 1225 2209 ergo
1251 2169 1382 2202 Gabriel

937 2213 989 2244 Ad
1015 2214 1167 2255 virginem
1194 2216 1416 2256 desponsatam

939 2259 1014 2291 Viro
1040 2262 1169 2302 Joseph,
1195 2268 1417 2303 praeparatam

939 2306 1000 2338 Pro
1028 2311 1157 2340 venturo
1181 2309 1345 2343 Emanuel.
