1651 2588
717 155 762 160 -
817 136 979 171 143—

211 233 243 266 2.
269 231 368 270 Quem
391 232 523 264 lactavit.
547 232 684 272 genitrix
707 233 822 272 Maria,

268 279 465 311 Materterae
488 279 613 311 Mariae
636 284 801 322 paverunt,

271 326 330 364 Qui
355 325 505 358 formavit
523 328 645 358 montes
664 329 696 358 et
711 328 822 366 maria,

268 373 366 412 Quem
390 374 473 405 oculi
496 373 606 405 videre
629 376 821 407 memorant.

228 445 236 452 .
269 420 326 453 Cui
351 423 474 453 mortuo
498 423 653 461 pararunt

316 466 438 500 frustra
461 470 613 507 aromata,

270 513 353 545 Nam
378 524 441 547 non
465 516 655 547 invenerunt

316 564 484 602 mortuum,
511 562 565 602 qui
588 564 721 593 mortem

272 608 452 649 Superavit,
479 617 570 651 quem
596 607 760 640 confestim

315 656 465 687 viderunt
488 657 655 690 viventem.

333 758 379 790 1n
405 760 437 791 3.
463 758 693 791 Nocturno.

417 823 614 859 Antiphonae.

235 908 243 915 .
270 881 308 912 In
333 889 477 913 sororum

319 927 403 959 laeto
428 927 581 959 solemnio

269 973 473 1005 Lactantium

320 1021 466 1052 concinat
491 1021 608 1052 concio.

213 1080 245 1110 2.
272 1076 391 1108 Sancta
414 1077 642 1109 sanctiomonia

321 1123 509 1155 Sanctarum
534 1131 676 1154 sororum

261 1170 307 1202 Et
329 1169 563 1211 magnificentia

317 1217 472 1249 Natorum
497 1226 624 1249 suorum

269 1264 370 1297 Nobis
395 1265 534 1297 reddant
557 1267 699 1303 praemia

319 1312 458 1344 Excelso
484 1311 652 1344 coelorum.

213 1371 244 1402 3.
271 1368 422 1400 Sororum
446 1369 557 1400 landes
584 1366 727 1398 cantibus

317 1415 420 1447 Decet
444 1416 594 1455 exaltare,

271 1462 333 1494 Per
358 1472 435 1502 quas
460 1461 497 1494 fit
519 1463 628 1493 notum
653 1460 798 1501 gentibus

312 1509 374 1541 Dei
399 1510 547 1541 salutare.

409 1592 617 1629 Responsoria.

213 1654 244 1684 1.
271 1651 342 1683 Non
369 1653 462 1682 vacat
486 1660 505 1682 a
528 1649 690 1689 mysterio,

315 1698 405 1737 Quod
430 1706 544 1729 nomen
562 1697 622 1728 hoc
636 1696 825 1734 habuerunt,

315 1746 401 1785 Quae
424 1746 604 1776 illustratae
627 1742 758 1775 fuerunt

270 1794 308 1825 In
333 1795 443 1825 sancto
469 1791 659 1830 testimonio,

271 1842 355 1873 Dum
380 1849 471 1880 quem
498 1839 599 1871 crucis
624 1838 781 1878 supplicio

317 1888 434 1921 Judaei
460 1886 656 1926 defecerunt,

276 1935 391 1967 Vivere
415 1935 484 1966 sine
510 1933 604 1966 dubio

321 1983 363 2015 Se
386 1982 506 2013 vidisse
532 1980 689 2012 dixerunt.

201 2032 240 2064 V,
272 2029 323 2061 De
345 2029 539 2068 resurgentis
564 2027 678 2067 gaudio

317 2076 400 2108 Esse
423 2078 520 2107 testes
545 2077 739 2108 meruerunt.

214 2147 244 2178 2.
273 2144 371 2183 Quam
396 2140 506 2173 felices

320 2191 394 2222 sunt
419 2188 539 2222 Christi
563 2187 736 2227 proximae,

272 2240 359 2277 Quae
380 2236 557 2276 perductae

316 2287 392 2317 sunt
415 2293 486 2316 cum
510 2282 634 2315 laetitia

264 2335 304 2367 In
329 2332 493 2372 templum,
520 2338 580 2371 quo

321 2382 506 2414 sanctorum
530 2377 654 2411 animae

951 233 1070 265 Summi
1093 233 1177 272 regis

998 279 1144 312 fruuntur
1168 280 1269 320 gloria
1280 290 1286 320 ;

879 328 917 359 V.
945 328 1018 359 illic
1040 327 1210 368 splendent

998 375 1109 417 regina
1131 374 1237 406 Maria

949 422 993 454 Et
1017 430 1141 454 sorores

997 470 1064 509 ejus
1089 469 1317 502 sanctissimae.

1043 621 1090 653 In
1113 620 1343 652 Laudibus.

1096 703 1290 739 Antiphonae.

897 773 928 805 1.
955 773 1098 806 Christus
1122 780 1258 811 regnans

1000 819 1169 859 praeponit
1193 818 1335 850 omnibus

949 867 1086 898 Matrem
1111 874 1209 905 suam,

1001 914 1089 953 quus
1114 912 1275 944 sororibus

954 960 1020 992 Dat
1044 961 1190 992 decorem

999 1008 1034 1039 in
1058 1006 1187 1038 summis
1211 1005 1352 1038 sedibus.

898 1084 928 1115 2.
955 1083 1062 1114 Omnis
1085 1083 1173 1112 terra

999 1128 1132 1160 resultet
1154 1127 1277 1168 gaudiis

953 1177 991 1208 In
1016 1184 1157 1208 sororum

1000 1222 1092 1255 lactis
1117 1221 1286 1254 solemniis

898 1300 929 1332 3.
955 1299 1054 1330 Dedit
1078 1296 1216 1328 fructum

1004 1346 1163 1377 coelorum
1186 1344 1354 1375 Dominum

955 1393 1057 1424 Terra
1081 1391 1173 1430 bona,

1002 1440 1110 1480 regina
1134 1438 1300 1477 virginum,

956 1487 1048 1519 Orbis
1074 1485 1219 1516 doctores

1001 1535 1088 1574 cujus
1114 1540 1252 1572 genuere
1276 1539 1410 1563 sororcS.

894 1612 926 1643 4.
952 1608 1143 1642 Benedictus

1001 1656 1122 1688 fructus
1150 1655 1268 1687 ventris
1294 1651 1366 1698 [tui]

953 1705 1015 1737 Per
1040 1707 1081 1743 te,
1108 1703 1207 1744 virgo,

1002 1752 1046 1783 eis
1073 1751 1166 1782 detur
1190 1748 1264 1789 frui,

955 1799 1014 1838 Qui
1038 1799 1100 1830 hoc
1125 1796 1240 1829 festum

1004 1846 1167 1878 celebrant,
1191 1844 1308 1876 cernui.

897 1925 928 1955 5.
954 1923 1126 1954 Exsultent
1149 1920 1225 1952 Sion
1248 1919 1335 1951 filiae

1002 1970 1040 2002 In
1065 1977 1209 2000 sororum
1232 1966 1394 2006 progenie,

953 2015 1207 2056 Multiplicantcs
1231 2014 1327 2046 hodie

1003 2063 1129 2096 Laudes
1154 2062 1289 2093 nominis
1312 2060 1445 2093 Mariae.

1074 2170 1119 2197 Ad
1138 2170 1321 2197 Benedictus.

885 2235 926 2267 A.
958 2233 1100 2266 Salutem
1124 2232 1157 2264 in
1185 2232 1275 2264 domo
1300 2231 1407 2264 David

1003 2280 1105 2313 Nobis
1132 2288 1171 2311 ex
1195 2279 1295 2320 stirpe
1320 2279 1408 2320 regia

1003 2328 1048 2360 Et
1069 2328 1179 2360 Aaron
1203 2327 1355 2367 prosapia

957 2376 1044 2408 Deus
1069 2375 1170 2408 1srael
1194 2375 1331 2416 paravit.
