1651 2588
705 128 962 163 —141—

197 220 227 251 2.
254 219 402 260 Regnans
426 220 460 251 in
485 220 581 252 caelis

301 267 423 298 exultat
445 266 534 307 virgo
559 266 674 310 fidelis,

257 312 330 345 Vita
354 313 487 345 solemni

308 360 433 399 pollens
459 363 491 392 et
514 361 586 393 luce
609 364 751 402 perenni.

201 416 233 447 3.
259 415 355 448 Plebs
382 416 496 449 devota
520 417 582 449 Dei

305 464 483 502 praesentis
509 464 591 497 festa
617 466 681 497 dici

256 509 423 543 Glorificet
446 520 613 553 renovans,

302 558 425 590 cantica
452 561 557 591 cantet
582 568 688 593 ovans,

388 633 597 669 Responsoria.

195 690 227 722 1.
252 689 395 722 Daemon
417 691 509 723 adest
532 690 644 732 frater,

302 746 395 778 quem
426 741 566 770 tartarus
603 739 706 771 edidit
730 742 808 780 ater,

255 784 349 817 Hunc
373 786 462 826 virgo
487 786 571 826 pede
594 788 679 827 terit,

303 835 470 872 superatus
497 834 610 866 cedere
634 835 767 875 quaerit,

186 879 224 911 V.
255 879 386 911 Leniter
410 879 525 912 affatur

304 927 490 967 veniamque
516 928 634 960 blande
649 930 808 967 precatur.

198 985 229 1015 2.
256 983 354 1023 Virgo
379 982 568 1024 flagellatur,

306 1039 430 1061 sursum
463 1039 616 1070 suspensa
641 1033 808 1072 crematur,

256 1076 303 1110 Ut
326 1077 544 1118 subJungatur,

302 1127 405 1156 tortor
424 1124 525 1165 jubet,
553 1127 585 1156 et
607 1125 770 1165 moriatur,

256 1172 386 1205 Vertice
409 1174 555 1204 truncato

304 1219 455 1259 migravit
476 1218 540 1251 fine
565 1219 677 1259 beat03

191 1267 229 1299 V.
261 1266 360 1305 Quam
386 1265 464 1298 felix
489 1267 603 1307 anima,

306 1322 366 1353 pro
391 1314 519 1345 summis
546 1314 682 1354 despicit
705 1314 778 1346 ima.

202 1372 233 1404 3.
259 1371 369 1410 Virgo,
395 1371 572 1409 puellarum

305 1417 401 1457 jubar
426 1420 459 1449 et
483 1418 645 1457 speculum
671 1418 811 1450 domina-

586 1475 665 1508 rum,

260 1512 404 1551 Virginei
428 1510 514 1543 fiorIs

309 1559 404 1590 decus
430 1562 462 1590 et
486 1559 633 1592 diadema
658 1560 791 1600 decoris,

261 1606 343 1639 Sede
368 1605 476 1638 fruens
502 1607 582 1638 caeli

307 1653 396 1694 plebi
420 1662 570 1686 succurre
593 1653 691 1687 fideli.

190 1702 229 1734 V.
259 1701 355 1741 Ecce,
383 1701 570 1741 columbina,

303 1758 365 1781 vox
389 1749 513 1789 clamat,
540 1757 667 1790 sponsa,
696 1748 812 1782 festina

263 1797 301 1829 In
326 1797 435 1836 sponsi
460 1797 581 1830 Christi

307 1843 503 1886 paradisum,
529 1852 621 1884 quem
646 1845 798 1878 meruisti.

351 1939 367 1970 I
375 1948 396 1969 n
420 1938 448 1970 L
458 1947 476 1970 a
484 1948 504 1969 u
514 1938 535 1970 <l
543 1939 555 1970 i
563 1939 584 1970 b
594 1948 615 1973 u
624 1948 649 1971 S.

407 2002 600 2037 Antiphonae.

204 2061 236 2094 1.
263 2061 361 2101 Virgo
387 2063 566 2101 coronatur,

310 2116 441 2148 regnum
465 2108 579 2139 sortita
606 2117 786 2150 supernum,

939 226 1033 266 Cujus
1057 227 1091 258 in
1116 229 1278 258 aeternum

984 274 1075 305 sedes
1113 282 1208 313 super
1232 276 1318 306 astra
1342 276 1483 313 paratur.

878 332 910 363 2.
937 330 1051 362 Omnes
1075 330 1213 362 athletae

984 376 1068 416 fidei,
1095 377 1230 409 Domino
1252 377 1396 421 jubilate,

937 424 995 464 Qui
1019 424 1221 464 Margaretae

985 471 1152 503 celebratis
1176 470 1259 503 festa
1282 472 1402 504 beatae.

879 529 910 560 3.
936 528 1025 560 Haeo
1048 528 1149 560 caruit
1172 537 1281 568 naevo,

984 578 1092 607 tenero
1118 576 1192 607 dum
1217 575 1296 608 vixit
1318 575 1352 607 in
1373 584 1460 617 aevo,

937 622 1035 661 Quam
1061 623 1108 655 sic
1131 623 1310 655 adstantem

983 668 1070 701 Deus
1093 670 1214 702 invenit
1238 670 1429 710 vigilantem.

879 725 911 757 4.
937 725 1027 757 Haec
1052 729 1109 766 est,
1135 726 1295 758 mundana

986 773 1036 803 cui
1067 781 1192 813 semper
1216 774 1316 813 gloria
1339 783 1431 814 vana,

937 819 1103 859 Dignaque
1126 821 1295 860 multiplici

986 867 1127 899 bonitate
1150 867 1212 899 Dei
1236 867 1392 900 benedici.

881 924 912 955 5.
937 923 975 957 In
999 925 1116 957 sanctis
1142 925 1208 964 ejus

985 972 1148 1004 laudemus
1173 972 1447 1012 cunctipotentem,

939 1019 997 1058 Qui
1019 1019 1234 1059 Margaretam

985 1066 1094 1097 reddit
1115 1074 1211 1105 super
1235 1066 1300 1098 alta
1323 1066 1486 1097 nitentem.

1053 1140 1098 1167 Ad
1117 1139 1301 1167 Benedictus.

870 1200 908 1233 A.
936 1199 1067 1231 Gemma
1091 1198 1273 1241 pudicitiae,

987 1254 1067 1286 quae
1091 1246 1275 1287 Margareta
1295 1245 1427 1287 vocaris,

941 1294 980 1326 In
1007 1294 1102 1325 coelis
1127 1293 1223 1325 hodie

989 1350 1056 1373 cum
1085 1341 1210 1373 Christo
1235 1338 1432 1381 glorificaris,

939 1387 1002 1420 Pro
1020 1388 1141 1419 meritis
1166 1386 1242 1419 fidei

989 1435 1123 1468 rutilans
1146 1444 1260 1467 aurora
1285 1434 1359 1474 diei,

940 1482 1018 1522 Fac,
1044 1483 1161 1515 virtute
1183 1482 1246 1515 Dei

989 1539 1046 1562 nos
1071 1539 1168 1570 super
1192 1532 1280 1562 astra
1303 1529 1385 1562 vehi.

1012 1643 1056 1675 In
1083 1645 1114 1677 2.
1141 1643 1354 1683 vesperis.

1057 1719 1103 1746 Ad
1122 1717 1300 1755 Magnificat.

867 1778 907 1811 A.
935 1778 960 1811 O
987 1787 1079 1818 quam
1104 1775 1248 1818 glorifica

983 1825 1127 1857 sublimis
1152 1825 1223 1856 luce
1249 1826 1402 1867 coruscat,

942 1873 1039 1912 Quam
1065 1881 1128 1904 non
1153 1870 1299 1904 obfuscat

988 1920 1089 1962 labes,
1117 1919 1245 1952 deitatis
1270 1920 1380 1960 amica,

940 1967 1068 2007 Martyr
1093 1967 1226 1999 sidereis

988 2015 1084 2046 hodie
1109 2015 1229 2053 stipata
1252 2014 1375 2046 choreis

941 2062 1064 2094 Psallat
1088 2070 1159 2092 cum
1184 2061 1309 2094 cithara

987 2109 1095 2149 sponsi
1121 2109 1265 2140 coelestis
1289 2108 1323 2139 in
1348 2117 1413 2142 ara.

267 2204 354 2230 Brev.
383 2211 437 2230 ms.
457 2202 593 2238 Aquense
620 2210 696 2230 saec.
728 2200 771 2231 15.
793 2203 862 2231 Cod.
882 2204 1009 2231 Parisin.
1038 2201 1120 2231 1061.
1141 2203 1174 2230 Α.
1195 2219 1231 2223 ——
1253 2203 1339 2231 Brev.
1358 2203 1494 2239 Aquens‹²

194 2243 263 2278 imp.
278 2241 417 2277 Lugduni
438 2238 520 2268 1499.
541 2241 573 2267 B.
593 2256 631 2260 -
645 2237 734 2268 Invit.
755 2239 773 2267 2
792 2250 888 2278 regem
904 2241 1063 2277 jubilemus
1077 2242 1112 2269 A.
1136 2256 1170 2260 —
1184 2241 1220 2269 In
1241 2239 1267 2269 3.
1281 2242 1366 2269 Noct.
1388 2240 1408 2268 R
1432 2240 1455 2277 1,
1477 2241 1495 2269 2

192 2280 285 2309 edidit
305 2280 379 2307 alter
398 2278 432 2306 A.
460 2294 497 2298 ——
520 2275 540 2304 R
561 2276 588 2313 3,
608 2276 626 2306 8
646 2287 755 2315 sponsa
771 2281 896 2316 propina
913 2280 948 2307 A.
964 2295 999 2299 —
1013 2280 1166 2315 Hymnen:
1188 2280 1338 2315 Hymuum
1357 2288 1495 2308 canamus

191 2319 305 2355 gloriae
320 2317 358 2353 (V
358 2315 441 2353 esp.);
463 2316 603 2344 Laetetur
622 2319 714 2345 mater
728 2318 831 2345 inclita
842 2316 960 2353 (Noct.);
984 2318 1097 2354 Panga-t
1112 2318 1216 2345 chorus
1229 2317 1360 2346 fidelium
1373 2317 1494 2355 (Laud).
