1650 2587
671 116 926 151 -150—

161 214 193 246 4.
221 211 331 244 Carnis
355 213 479 245 tandem

260 259 411 292 abhorret
434 260 511 292 vitia

212 306 328 337 Matris
351 305 413 338 Dei

257 355 407 392 tangente
431 353 541 392 gratia.

153 418 183 449 5.
209 417 399 449 Peccatricis

255 464 390 496 miserae
415 465 576 497 conversio

209 511 265 542 Fit
289 511 404 543 excelsi

257 558 405 590 dexterae
428 559 569 590 mutatio.

330 640 376 668 Ad
394 640 570 677 Mag-nificat.

139 699 180 730 A.
210 697 347 729 Salutari

256 753 326 775 cum
349 744 416 776 Deo
442 745 580 776 creditus

204 792 385 823 Exsultavit

253 838 375 869 Mafiae
399 839 538 881 spiritus,

208 885 284 917 Cum
308 885 434 917 audiret

253 932 439 963 clamantem
464 932 603 975 coelitus,

204 978 267 1009 Per
290 978 462 1011 Jordanem

250 1024 288 1056 fit
310 1025 381 1056 viae
404 1026 566 1058 transitus,

273 1127 334 1159 Ad
355 1127 619 1160 Matutinum.

343 1201 557 1229 Invitatorium.

204 1259 321 1290 Noster
345 1259 457 1291 chorus
481 1260 524 1291 sit
547 1269 677 1291 sonorus

246 1305 326 1345 Regi
350 1315 506 1346 supernae
529 1307 657 1346 gloriae,

206 1353 264 1391 Qui
288 1352 425 1384 Mariam
448 1354 638 1396 Aegyptiam

247 1400 375 1431 Sursum
399 1401 546 1440 provexit
570 1400 673 1431 hodie.

263 1503 310 1534 In
335 1503 365 1534 1.
391 1503 617 1534 Nocturno.

346 1575 541 1613 Antiphonae.

147 1633 178 1665 1.
205 1632 354 1672 Subjecta
377 1637 449 1665 sunt
473 1634 577 1665 omnia

250 1680 375 1711 Mariae
399 1680 456 1711 sub
481 1680 626 1719 pedibus,

202 1726 386 1765 Spernentis
409 1727 574 1759 terrestria

249 1773 359 1804 Carnis
386 1782 455 1804 cum
479 1773 637 1813 operibus.

147 1830 177 1862 2.
204 1829 307 1860 Trans
332 1829 502 1861 Jordanem
527 1827 655 1860 fluvium

248 1875 302 1906 Ad
328 1877 513 1908 currendam
537 1876 621 1907 viam

199 1922 337 1954 Matrem
362 1923 553 1955 deviantium

249 1968 374 2000 Salutat
395 1970 541 2002 Mariam.

144 2027 175 2058 3.
200 2025 273 2057 Non
295 2025 329 2056 in
353 2034 435 2058 vano

248 2074 354 2103 votum
378 2073 537 2112 accipiens

200 2119 419 2151 Praecursoris

246 2166 397 2205 templum
420 2167 601 2207 ingrediens

200 2211 334 2244 Vivifico

202 2259 341 2298 Corpore
366 2260 521 2293 dominico

201 2305 243 2337 Se
265 2306 399 2339 munivit

246 2353 309 2384 iter
333 2355 529 2393 aggrediens,

1027 208 1233 244 Responsoria.

831 267 864 301 1.
894 267 1077 298 Electarum

934 314 968 345 in
990 313 1195 345 multitudine

885 360 1028 392 Laudem
1051 360 1171 391 habens

934 407 1040 439 Maria
1062 407 1188 438 nomine

885 454 1040 486 Militavit

932 502 965 532 in
990 500 1178 540 solitudine3

815 549 854 581 V.
886 548 1110 580 corroboravit
1133 547 1306 585 brachium,

884 595 1023 627 Lumbos
1048 594 1087 625 ob
1115 594 1218 626 carnis
1240 593 1351 625 vitium

882 642 1060 681 Accingens
1085 639 1284 674 fortitudine.

826 699 858 730 2.
885 698 948 730 Ter
973 697 1158 737 quindecem

933 745 1053 776 duobus
1077 744 1196 776 additis

883 792 985 823 Annis
1008 792 1094 823 vitae

933 839 1048 870 decora
1070 838 1191 869 meritis

886 886 950 918 Sub
978 886 1096 917 deserti

932 932 1068 972 degebat
1092 932 1221 972 abditis,

813 980 853 1013 V.
884 979 1005 1018 Corpus
1031 978 1180 1011 deficiens

879 1026 996 1057 Herbis
1021 1025 1165 1057 reficiens

928 1073 982 1104 Ad
1006 1082 1097 1104 usum
1121 1073 1228 1105 licitis

825 1130 856 1162 3.
882 1128 983 1168 Nigra
1006 1129 1095 1159 verni
1119 1128 1270 1168 temporis

927 1176 1043 1206 Aestus
1068 1184 1087 1206 a
1111 1174 1238 1207 fervore

879 1222 1070 1262 Rigescebat
1093 1221 1225 1262 frigoris'

926 1269 1007 1301 Gelu
1029 1277 1107 1308 prae
1130 1269 1278 1308 stridore,

879 1315 1040 1347 Destituta
1063 1317 1206 1355 corporis

927 1363 1038 1394 Totius
1063 1363 1180 1402 vigore.

809 1409 845 1440 V.
880 1410 1066 1441 Imminente
1088 1410 1223 1441 transitu

878 1455 992 1488 Jacens
1017 1456 1135 1496 absque
1159 1457 1273 1496 spiritu

926 1503 1008 1535 Erat
1030 1512 1109 1542 prae
1134 1503 1251 1537 dolore.

936 1606 983 1637 In
1008 1608 1040 1638 2.
1066 1605 1122 1637 No
1134 1608 1297 1638 cturno.

1017 1670 1211 1705 Antiphonae.

821 1727 852 1759 1.
878 1727 1070 1759 Poenitentis

926 1772 1038 1805 diffusa
1062 1775 1164 1813 gratia

878 1821 917 1852 In
940 1820 1033 1851 labiis

925 1867 1060 1899 docebat
1083 1868 1196 1908 omnia,

878 1913 964 1952 Quae
988 1915 1152 1955 commisit,

925 1961 1033 1993 dolere
1053 1962 1141 1994 vitia.

821 2018 851 2048 2.
878 2017 916 2048 In
941 2017 1083 2049 omnibus

876 2064 1146 2097 Tribulationibus

925 2111 996 2143 Suis
1021 2113 1198 2151 adjutorem

875 2157 978 2189 Deum
1001 2159 1121 2198 habuit,

875 2205 952 2236 Ideo
976 2215 1038 2237 non
1062 2207 1168 2238 timuit

922 2253 1054 2284 Hostem
1080 2256 1112 2285 et
1135 2255 1278 2288 ultorem.

820 2307 851 2338 3.
875 2307 1000 2340 Memor
1022 2318 1058 2340 se
1079 2310 1246 2341 scientium

922 2354 1011 2386 Raab
1036 2356 1207 2397 Babylonis
