<?xml version="1.0" encoding="UTF-8"?>
<!DOCTYPE html PUBLIC "-//W3C//DTD XHTML 1.0 Transitional//EN"
    "http://www.w3.org/TR/xhtml1/DTD/xhtml1-transitional.dtd">
<html xmlns="http://www.w3.org/1999/xhtml" xml:lang="en" lang="en">
 <head>
  <title>
</title>
<meta http-equiv="Content-Type" content="text/html;charset=utf-8" />
  <meta name='ocr-system' content='tesseract 3.04.00' />
  <meta name='ocr-capabilities' content='ocr_page ocr_carea ocr_par ocr_line ocrx_word'/>
</head>
<body>
  <div class='ocr_page' id='page_1' title='image "./analectahymnica18drevuoft_00015.png"; bbox 0 0 1650 2587; ppageno 0'>
   <div class='ocr_carea' id='block_1_1' title="bbox 627 82 860 116">
    <p class='ocr_par' dir='ltr' id='par_1_1' title="bbox 627 82 860 116">
     <span class='ocr_line' id='line_1_1' title="bbox 627 82 860 116; baseline 0.004 -10"><span class='ocrx_word' id='word_1_1' title='bbox 627 82 860 116; x_wconf 46' lang='lat'>*12—</span> 
     </span>
    </p>
   </div>
   <div class='ocr_carea' id='block_1_2' title="bbox 110 175 714 357">
    <p class='ocr_par' dir='ltr' id='par_1_2' title="bbox 110 175 714 357">
     <span class='ocr_line' id='line_1_2' title="bbox 110 175 565 215; baseline -0.007 -5"><span class='ocrx_word' id='word_1_2' title='bbox 110 179 141 210; x_wconf 87' lang='lat'>2.</span> <span class='ocrx_word' id='word_1_3' title='bbox 168 177 277 209; x_wconf 83' lang='lat' dir='ltr'>Sermo</span> <span class='ocrx_word' id='word_1_4' title='bbox 304 178 394 209; x_wconf 86' lang='lat' dir='ltr'>docet</span> <span class='ocrx_word' id='word_1_5' title='bbox 419 175 565 215; x_wconf 75' lang='lat' dir='ltr'>scriptus,</span> 
     </span>
     <span class='ocr_line' id='line_1_3' title="bbox 216 222 714 263; baseline -0.002 -9"><span class='ocrx_word' id='word_1_6' title='bbox 216 225 300 262; x_wconf 88' lang='lat' dir='ltr'>quod</span> <span class='ocrx_word' id='word_1_7' title='bbox 333 223 361 253; x_wconf 87' lang='lat' dir='ltr'>ei</span> <span class='ocrx_word' id='word_1_8' title='bbox 390 222 521 255; x_wconf 80' lang='lat' dir='ltr'>servivit</span> <span class='ocrx_word' id='word_1_9' title='bbox 540 224 714 263; x_wconf 77' lang='lat' dir='ltr'>Aegyptus,</span> 
     </span>
     <span class='ocr_line' id='line_1_4' title="bbox 167 269 569 311; baseline -0.005 -9"><span class='ocrx_word' id='word_1_10' title='bbox 167 271 230 302; x_wconf 90' lang='lat' dir='ltr'>Pro</span> <span class='ocrx_word' id='word_1_11' title='bbox 257 270 391 311; x_wconf 80' lang='lat' dir='ltr'>Christe,</span> <span class='ocrx_word' id='word_1_12' title='bbox 418 269 569 309; x_wconf 86' lang='lat' dir='ltr'>quidquid</span> 
     </span>
     <span class='ocr_line' id='line_1_5' title="bbox 215 316 666 357; baseline -0.007 -8"><span class='ocrx_word' id='word_1_13' title='bbox 215 316 367 357; x_wconf 81' lang='lat' dir='ltr'>possedit,</span> <span class='ocrx_word' id='word_1_14' title='bbox 393 318 504 355; x_wconf 80' lang='lat' dir='ltr'>sponte</span> <span class='ocrx_word' id='word_1_15' title='bbox 528 316 666 356; x_wconf 85' lang='lat' dir='ltr'>reliquit.</span> 
     </span>
    </p>
   </div>
   <div class='ocr_carea' id='block_1_3' title="bbox 113 372 633 459">
    <p class='ocr_par' dir='ltr' id='par_1_3' title="bbox 113 372 633 459">
     <span class='ocr_line' id='line_1_6' title="bbox 113 372 468 413; baseline -0.011 -7"><span class='ocrx_word' id='word_1_16' title='bbox 113 376 143 406; x_wconf 88' lang='lat'>3.</span> <span class='ocrx_word' id='word_1_17' title='bbox 169 374 300 406; x_wconf 84' lang='lat' dir='ltr'>Praesul</span> <span class='ocrx_word' id='word_1_18' title='bbox 327 372 468 413; x_wconf 79' lang='lat' dir='ltr'>devotus,</span> 
     </span>
     <span class='ocr_line' id='line_1_7' title="bbox 211 418 633 459; baseline -0.005 -9"><span class='ocrx_word' id='word_1_19' title='bbox 211 420 323 459; x_wconf 85' lang='lat' dir='ltr'>plenus</span> <span class='ocrx_word' id='word_1_20' title='bbox 350 418 518 450; x_wconf 85' lang='lat' dir='ltr'>dulcedine</span> <span class='ocrx_word' id='word_1_21' title='bbox 541 419 633 459; x_wconf 85' lang='lat' dir='ltr'>lotus,</span> 
     </span>
    </p>
   </div>
   <div class='ocr_carea' id='block_1_4' title="bbox 164 466 649 550">
    <p class='ocr_par' dir='ltr' id='par_1_4' title="bbox 164 466 649 550">
     <span class='ocr_line' id='line_1_8' title="bbox 164 466 402 506; baseline -0.017 -7"><span class='ocrx_word' id='word_1_22' title='bbox 164 466 285 506; x_wconf 80' lang='lat' dir='ltr'>Ignotis</span> <span class='ocrx_word' id='word_1_23' title='bbox 310 467 402 497; x_wconf 81' lang='lat' dir='ltr'>notus</span> 
     </span>
     <span class='ocr_line' id='line_1_9' title="bbox 212 513 649 550; baseline -0.005 -6"><span class='ocrx_word' id='word_1_24' title='bbox 212 522 230 543; x_wconf 87' lang='lat' dir='ltr'>a</span> <span class='ocrx_word' id='word_1_25' title='bbox 253 515 361 544; x_wconf 80' lang='lat' dir='ltr'>nostra</span> <span class='ocrx_word' id='word_1_26' title='bbox 386 513 478 550; x_wconf 86' lang='lat' dir='ltr'>gente</span> <span class='ocrx_word' id='word_1_27' title='bbox 502 513 649 542; x_wconf 87' lang='lat' dir='ltr'>remotus.</span> 
     </span>
    </p>
   </div>
   <div class='ocr_carea' id='block_1_5' title="bbox 110 569 651 654">
    <p class='ocr_par' dir='ltr' id='par_1_5' title="bbox 110 569 651 654">
     <span class='ocr_line' id='line_1_10' title="bbox 110 569 448 607; baseline -0.015 -5"><span class='ocrx_word' id='word_1_28' title='bbox 110 571 141 602; x_wconf 80' lang='lat'>4.</span> <span class='ocrx_word' id='word_1_29' title='bbox 168 569 253 602; x_wconf 86' lang='lat' dir='ltr'>Petri</span> <span class='ocrx_word' id='word_1_30' title='bbox 279 570 448 607; x_wconf 84' lang='lat' dir='ltr'>praecepto</span> 
     </span>
     <span class='ocr_line' id='line_1_11' title="bbox 208 614 651 654; baseline -0.007 -8"><span class='ocrx_word' id='word_1_31' title='bbox 208 615 348 654; x_wconf 80' lang='lat' dir='ltr'>jucunda</span> <span class='ocrx_word' id='word_1_32' title='bbox 371 616 476 644; x_wconf 86' lang='lat' dir='ltr'>mente</span> <span class='ocrx_word' id='word_1_33' title='bbox 500 614 651 652; x_wconf 87' lang='lat' dir='ltr'>percepto</span> 
     </span>
    </p>
   </div>
   <div class='ocr_carea' id='block_1_6' title="bbox 165 662 672 747">
    <p class='ocr_par' dir='ltr' id='par_1_6' title="bbox 165 662 672 747">
     <span class='ocr_line' id='line_1_12' title="bbox 165 662 405 694; baseline -0.013 0"><span class='ocrx_word' id='word_1_34' title='bbox 165 662 276 694; x_wconf 90' lang='lat' dir='ltr'>Abluit</span> <span class='ocrx_word' id='word_1_35' title='bbox 299 662 405 692; x_wconf 85' lang='lat' dir='ltr'>illotos</span> 
     </span>
     <span class='ocr_line' id='line_1_13' title="bbox 212 705 672 747; baseline -0.004 -7"><span class='ocrx_word' id='word_1_36' title='bbox 212 717 302 740; x_wconf 83' lang='lat' dir='ltr'>sacro</span> <span class='ocrx_word' id='word_1_37' title='bbox 327 708 517 747; x_wconf 81' lang='lat' dir='ltr'>baptismate</span> <span class='ocrx_word' id='word_1_38' title='bbox 542 705 672 738; x_wconf 79' lang='lat' dir='ltr'><strong>Gothos,</strong></span> 
     </span>
    </p>
   </div>
   <div class='ocr_carea' id='block_1_7' title="bbox 110 764 711 982">
    <p class='ocr_par' dir='ltr' id='par_1_7' title="bbox 110 764 711 982">
     <span class='ocr_line' id='line_1_14' title="bbox 110 764 457 802; baseline -0.014 -3"><span class='ocrx_word' id='word_1_39' title='bbox 110 768 141 800; x_wconf 87' lang='lat'>5.</span> <span class='ocrx_word' id='word_1_40' title='bbox 168 766 327 798; x_wconf 84' lang='lat' dir='ltr'>Truncato</span> <span class='ocrx_word' id='word_1_41' title='bbox 354 764 457 802; x_wconf 83' lang='lat' dir='ltr'>capite</span> 
     </span>
     <span class='ocr_line' id='line_1_15' title="bbox 209 808 667 849; baseline -0.011 -6"><span class='ocrx_word' id='word_1_42' title='bbox 209 814 340 843; x_wconf 87' lang='lat' dir='ltr'>mortem</span> <span class='ocrx_word' id='word_1_43' title='bbox 371 811 494 849; x_wconf 84' lang='lat' dir='ltr'>patiens</span> <span class='ocrx_word' id='word_1_44' title='bbox 519 809 587 839; x_wconf 88' lang='lat' dir='ltr'>sine</span> <span class='ocrx_word' id='word_1_45' title='bbox 610 808 667 839; x_wconf 84' lang='lat' dir='ltr'>lite</span> 
     </span>
     <span class='ocr_line' id='line_1_16' title="bbox 164 857 547 896; baseline -0.01 -6"><span class='ocrx_word' id='word_1_46' title='bbox 164 860 356 891; x_wconf 60' lang='lat' dir='ltr'>‘thesaurum</span> <span class='ocrx_word' id='word_1_47' title='bbox 382 857 547 896; x_wconf 81' lang='lat' dir='ltr'>pulchrum</span> 
     </span>
     <span class='ocr_line' id='line_1_17' title="bbox 213 902 711 944; baseline -0.008 -8"><span class='ocrx_word' id='word_1_48' title='bbox 213 905 324 944; x_wconf 82' lang='lat' dir='ltr'>capitis</span> <span class='ocrx_word' id='word_1_49' title='bbox 365 904 435 934; x_wconf 87' lang='lat' dir='ltr'>tulit</span> <span class='ocrx_word' id='word_1_50' title='bbox 473 912 572 942; x_wconf 72' lang='lat' dir='ltr'>usque</span> <span class='ocrx_word' id='word_1_51' title='bbox 607 902 711 941; x_wconf 84' lang='lat' dir='ltr'>sepul-</span> 
     </span>
     <span class='ocr_line' id='line_1_18' title="bbox 486 950 605 982; baseline 0.017 -2"><span class='ocrx_word' id='word_1_52' title='bbox 486 950 605 982; x_wconf 86' lang='lat' dir='ltr'>chrum.</span> 
     </span>
    </p>
   </div>
   <div class='ocr_carea' id='block_1_8' title="bbox 275 1024 522 1053">
    <p class='ocr_par' dir='ltr' id='par_1_8' title="bbox 275 1024 522 1053">
     <span class='ocr_line' id='line_1_19' title="bbox 275 1024 522 1053; baseline -0.012 0"><span class='ocrx_word' id='word_1_53' title='bbox 275 1026 321 1053; x_wconf 86' lang='lat' dir='ltr'>Ad</span> <span class='ocrx_word' id='word_1_54' title='bbox 341 1024 522 1053; x_wconf 70' lang='lat' dir='ltr'>Benedictus.</span> 
     </span>
    </p>
   </div>
   <div class='ocr_carea' id='block_1_9' title="bbox 94 1082 596 1404">
    <p class='ocr_par' dir='ltr' id='par_1_9' title="bbox 94 1082 596 1404">
     <span class='ocr_line' id='line_1_20' title="bbox 94 1082 596 1121; baseline -0.014 -2"><span class='ocrx_word' id='word_1_55' title='bbox 94 1088 135 1119; x_wconf 91' lang='lat' dir='ltr'>A.</span> <span class='ocrx_word' id='word_1_56' title='bbox 160 1084 292 1117; x_wconf 82' lang='lat' dir='ltr'>Athleta</span> <span class='ocrx_word' id='word_1_57' title='bbox 315 1084 376 1116; x_wconf 88' lang='lat' dir='ltr'>Dei</span> <span class='ocrx_word' id='word_1_58' title='bbox 398 1082 596 1121; x_wconf 86' lang='lat' dir='ltr'>Affrodisius,</span> 
     </span>
     <span class='ocr_line' id='line_1_21' title="bbox 165 1129 500 1171; baseline -0.009 -8"><span class='ocrx_word' id='word_1_59' title='bbox 165 1131 386 1171; x_wconf 81' lang='lat' dir='ltr'><strong>Apostolorum</strong></span> <span class='ocrx_word' id='word_1_60' title='bbox 414 1129 500 1161; x_wconf 79' lang='lat' dir='ltr'>fonte</span> 
     </span>
     <span class='ocr_line' id='line_1_22' title="bbox 164 1176 469 1217; baseline -0.013 -7"><span class='ocrx_word' id='word_1_61' title='bbox 164 1176 307 1217; x_wconf 85' lang='lat' dir='ltr'>largifluo</span> <span class='ocrx_word' id='word_1_62' title='bbox 333 1179 469 1217; x_wconf 80' lang='lat' dir='ltr'>potatus,</span> 
     </span>
     <span class='ocr_line' id='line_1_23' title="bbox 162 1222 573 1265; baseline -0.012 -8"><span class='ocrx_word' id='word_1_63' title='bbox 162 1228 236 1265; x_wconf 78' lang='lat' dir='ltr'>post</span> <span class='ocrx_word' id='word_1_64' title='bbox 259 1232 411 1264; x_wconf 79' lang='lat' dir='ltr'>perpessa</span> <span class='ocrx_word' id='word_1_65' title='bbox 434 1222 573 1262; x_wconf 81' lang='lat' dir='ltr'>Aegypti</span> 
     </span>
     <span class='ocr_line' id='line_1_24' title="bbox 164 1270 465 1312; baseline -0.01 -9"><span class='ocrx_word' id='word_1_66' title='bbox 164 1271 301 1312; x_wconf 58' lang='lat' dir='ltr'>gentium</span> <span class='ocrx_word' id='word_1_67' title='bbox 326 1270 465 1302; x_wconf 81' lang='lat' dir='ltr'>ludibria</span> 
     </span>
     <span class='ocr_line' id='line_1_25' title="bbox 164 1318 411 1357; baseline -0.012 -7"><span class='ocrx_word' id='word_1_68' title='bbox 164 1319 258 1350; x_wconf 86' lang='lat' dir='ltr'>Petro</span> <span class='ocrx_word' id='word_1_69' title='bbox 280 1318 411 1357; x_wconf 82' lang='lat' dir='ltr'>jubente</span> 
     </span>
     <span class='ocr_line' id='line_1_26' title="bbox 162 1364 515 1404; baseline -0.008 -8"><span class='ocrx_word' id='word_1_70' title='bbox 162 1365 358 1404; x_wconf 85' lang='lat' dir='ltr'><strong>Dominoque</strong></span> <span class='ocrx_word' id='word_1_71' title='bbox 383 1364 515 1394; x_wconf 81' lang='lat' dir='ltr'>(lucente</span> 
     </span>
    </p>
   </div>
   <div class='ocr_carea' id='block_1_10' title="bbox 842 173 1281 391">
    <p class='ocr_par' dir='ltr' id='par_1_10' title="bbox 843 173 1066 213">
     <span class='ocr_line' id='line_1_27' title="bbox 843 173 1066 213; baseline -0.013 -6"><span class='ocrx_word' id='word_1_72' title='bbox 843 173 1066 213; x_wconf 80' lang='lat' dir='ltr'>Septimaniam</span> 
     </span>
    </p>

    <p class='ocr_par' dir='ltr' id='par_1_11' title="bbox 843 220 1153 260">
     <span class='ocr_line' id='line_1_28' title="bbox 843 220 1153 260; baseline -0.003 -8"><span class='ocrx_word' id='word_1_73' title='bbox 843 220 924 252; x_wconf 80' lang='lat' dir='ltr'>adiit</span> <span class='ocrx_word' id='word_1_74' title='bbox 946 220 1153 260; x_wconf 85' lang='lat' dir='ltr'>provinciam,</span> 
     </span>
    </p>

    <p class='ocr_par' dir='ltr' id='par_1_12' title="bbox 842 266 1281 391">
     <span class='ocr_line' id='line_1_29' title="bbox 843 266 1281 306; baseline -0.005 -8"><span class='ocrx_word' id='word_1_75' title='bbox 843 268 875 298; x_wconf 85' lang='lat' dir='ltr'>in</span> <span class='ocrx_word' id='word_1_76' title='bbox 901 275 962 306; x_wconf 83' lang='lat' dir='ltr'>qua</span> <span class='ocrx_word' id='word_1_77' title='bbox 985 266 1144 298; x_wconf 86' lang='lat' dir='ltr'>Biterrum</span> <span class='ocrx_word' id='word_1_78' title='bbox 1169 268 1281 304; x_wconf 83' lang='lat' dir='ltr'>postea</span> 
     </span>
     <span class='ocr_line' id='line_1_30' title="bbox 842 312 1154 353; baseline -0.003 -10"><span class='ocrx_word' id='word_1_79' title='bbox 842 312 1017 353; x_wconf 83' lang='lat' dir='ltr'>pontificali</span> <span class='ocrx_word' id='word_1_80' title='bbox 1039 312 1154 344; x_wconf 84' lang='lat' dir='ltr'>meruit</span> 
     </span>
     <span class='ocr_line' id='line_1_31' title="bbox 844 358 1126 391; baseline -0.004 0"><span class='ocrx_word' id='word_1_81' title='bbox 844 361 988 391; x_wconf 85' lang='lat' dir='ltr'>decorari</span> <span class='ocrx_word' id='word_1_82' title='bbox 1013 358 1126 391; x_wconf 83' lang='lat' dir='ltr'>infula.</span> 
     </span>
    </p>
   </div>
   <div class='ocr_carea' id='block_1_11' title="bbox 911 498 1256 618">
    <p class='ocr_par' dir='ltr' id='par_1_13' title="bbox 911 498 1256 618">
     <span class='ocr_line' id='line_1_32' title="bbox 911 498 1256 538; baseline 0 -7"><span class='ocrx_word' id='word_1_83' title='bbox 911 500 958 531; x_wconf 89' lang='lat' dir='ltr'>In</span> <span class='ocrx_word' id='word_1_84' title='bbox 985 502 1015 532; x_wconf 87' lang='lat'>2.</span> <span class='ocrx_word' id='word_1_85' title='bbox 1041 498 1256 538; x_wconf 80' lang='lat' dir='ltr'>VesperiS.</span> 
     </span>
     <span class='ocr_line' id='line_1_33' title="bbox 958 581 1199 618; baseline -0.008 -8"><span class='ocrx_word' id='word_1_86' title='bbox 958 582 1004 610; x_wconf 70' lang='lat' dir='ltr'>Ad</span> <span class='ocrx_word' id='word_1_87' title='bbox 1021 581 1199 618; x_wconf 78' lang='lat' dir='ltr'>Magnificat.</span> 
     </span>
    </p>
   </div>
   <div class='ocr_carea' id='block_1_12' title="bbox 769 659 1107 692">
    <p class='ocr_par' dir='ltr' id='par_1_14' title="bbox 769 659 1107 692">
     <span class='ocr_line' id='line_1_34' title="bbox 769 659 1107 692; baseline -0.006 0"><span class='ocrx_word' id='word_1_88' title='bbox 769 661 809 692; x_wconf 89' lang='lat' dir='ltr'>A.</span> <span class='ocrx_word' id='word_1_89' title='bbox 837 659 955 692; x_wconf 88' lang='lat' dir='ltr'>Videns</span> <span class='ocrx_word' id='word_1_90' title='bbox 980 662 1107 691; x_wconf 83' lang='lat' dir='ltr'>sanctus</span> 
     </span>
    </p>
   </div>
   <div class='ocr_carea' id='block_1_13' title="bbox 835 704 1243 1401">
    <p class='ocr_par' dir='ltr' id='par_1_15' title="bbox 841 704 1149 786">
     <span class='ocr_line' id='line_1_35' title="bbox 887 704 1149 738; baseline -0.008 0"><span class='ocrx_word' id='word_1_91' title='bbox 887 707 937 738; x_wconf 89' lang='lat' dir='ltr'>vir</span> <span class='ocrx_word' id='word_1_92' title='bbox 960 704 1149 738; x_wconf 86' lang='lat' dir='ltr'>Affrodisius</span> 
     </span>
     <span class='ocr_line' id='line_1_36' title="bbox 841 752 1040 786; baseline -0.01 0"><span class='ocrx_word' id='word_1_93' title='bbox 841 752 939 786; x_wconf 86' lang='lat' dir='ltr'>Urbis</span> <span class='ocrx_word' id='word_1_94' title='bbox 964 761 1040 785; x_wconf 78' lang='lat' dir='ltr'>suae</span> 
     </span>
    </p>

    <p class='ocr_par' dir='ltr' id='par_1_16' title="bbox 840 799 1142 885">
     <span class='ocr_line' id='line_1_37' title="bbox 886 799 1142 840; baseline 0 -9"><span class='ocrx_word' id='word_1_95' title='bbox 886 799 961 832; x_wconf 84' lang='lat' dir='ltr'>fana</span> <span class='ocrx_word' id='word_1_96' title='bbox 985 808 1142 840; x_wconf 80' lang='lat' dir='ltr'>corruere,</span> 
     </span>
     <span class='ocr_line' id='line_1_38' title="bbox 840 847 1047 885; baseline -0.01 -6"><span class='ocrx_word' id='word_1_97' title='bbox 840 847 940 879; x_wconf 75' lang='lat' dir='ltr'>Novit</span> <span class='ocrx_word' id='word_1_98' title='bbox 961 855 1047 885; x_wconf 85' lang='lat' dir='ltr'>vere,</span> 
     </span>
    </p>

    <p class='ocr_par' dir='ltr' id='par_1_17' title="bbox 839 892 1174 973">
     <span class='ocr_line' id='line_1_39' title="bbox 888 892 1174 933; baseline -0.003 -9"><span class='ocrx_word' id='word_1_99' title='bbox 888 895 970 933; x_wconf 88' lang='lat' dir='ltr'>quod</span> <span class='ocrx_word' id='word_1_100' title='bbox 995 893 1055 926; x_wconf 88' lang='lat' dir='ltr'>Dei</span> <span class='ocrx_word' id='word_1_101' title='bbox 1082 892 1174 932; x_wconf 82' lang='lat' dir='ltr'>filiuS,</span> 
     </span>
     <span class='ocr_line' id='line_1_40' title="bbox 839 941 1054 973; baseline -0.009 0"><span class='ocrx_word' id='word_1_102' title='bbox 839 942 933 973; x_wconf 81' lang='lat' dir='ltr'>Ortus</span> <span class='ocrx_word' id='word_1_103' title='bbox 958 941 1054 972; x_wconf 81' lang='lat' dir='ltr'>saecli</span> 
     </span>
    </p>

    <p class='ocr_par' dir='ltr' id='par_1_18' title="bbox 837 990 1200 1066">
     <span class='ocr_line' id='line_1_41' title="bbox 885 990 1200 1027; baseline -0.006 -8"><span class='ocrx_word' id='word_1_104' title='bbox 885 990 1035 1027; x_wconf 83' lang='lat' dir='ltr'>vergente</span> <span class='ocrx_word' id='word_1_105' title='bbox 1058 995 1200 1027; x_wconf 79' lang='lat' dir='ltr'>vespere,</span> 
     </span>
     <span class='ocr_line' id='line_1_42' title="bbox 837 1035 1086 1066; baseline -0.004 0"><span class='ocrx_word' id='word_1_106' title='bbox 837 1035 949 1066; x_wconf 84' lang='lat' dir='ltr'>Mundi</span> <span class='ocrx_word' id='word_1_107' title='bbox 976 1035 1086 1066; x_wconf 88' lang='lat' dir='ltr'>sordes</span> 
     </span>
    </p>

    <p class='ocr_par' dir='ltr' id='par_1_19' title="bbox 839 1081 1144 1166">
     <span class='ocr_line' id='line_1_43' title="bbox 887 1081 1144 1120; baseline -0.004 -8"><span class='ocrx_word' id='word_1_108' title='bbox 887 1082 972 1112; x_wconf 78' lang='lat' dir='ltr'>venit</span> <span class='ocrx_word' id='word_1_109' title='bbox 995 1081 1144 1120; x_wconf 71' lang='lat' dir='ltr'>abluere,</span> 
     </span>
     <span class='ocr_line' id='line_1_44' title="bbox 839 1129 1139 1166; baseline 0 -7"><span class='ocrx_word' id='word_1_110' title='bbox 839 1129 935 1166; x_wconf 74' lang='lat' dir='ltr'>Quem</span> <span class='ocrx_word' id='word_1_111' title='bbox 963 1129 1024 1159; x_wconf 85' lang='lat' dir='ltr'>dux</span> <span class='ocrx_word' id='word_1_112' title='bbox 1050 1136 1139 1159; x_wconf 83' lang='lat' dir='ltr'>sacer</span> 
     </span>
    </p>

    <p class='ocr_par' dir='ltr' id='par_1_20' title="bbox 835 1174 1220 1260">
     <span class='ocr_line' id='line_1_45' title="bbox 886 1174 1220 1214; baseline -0.003 -8"><span class='ocrx_word' id='word_1_113' title='bbox 886 1176 1085 1214; x_wconf 80' lang='lat' dir='ltr'>complexans</span> <span class='ocrx_word' id='word_1_114' title='bbox 1110 1174 1220 1214; x_wconf 82' lang='lat' dir='ltr'>artius,</span> 
     </span>
     <span class='ocr_line' id='line_1_46' title="bbox 835 1221 1105 1260; baseline -0.004 -7"><span class='ocrx_word' id='word_1_115' title='bbox 835 1222 904 1253; x_wconf 80' lang='lat' dir='ltr'>Jam</span> <span class='ocrx_word' id='word_1_116' title='bbox 929 1230 987 1260; x_wconf 84' lang='lat' dir='ltr'>per</span> <span class='ocrx_word' id='word_1_117' title='bbox 1011 1221 1105 1252; x_wconf 85' lang='lat' dir='ltr'>fidem</span> 
     </span>
    </p>

    <p class='ocr_par' dir='ltr' id='par_1_21' title="bbox 840 1267 1195 1355">
     <span class='ocr_line' id='line_1_47' title="bbox 882 1267 1195 1307; baseline 0 -9"><span class='ocrx_word' id='word_1_118' title='bbox 882 1269 999 1300; x_wconf 76' lang='lat' dir='ltr'>sanctis</span> <span class='ocrx_word' id='word_1_119' title='bbox 1024 1267 1195 1307; x_wconf 85' lang='lat' dir='ltr'>consocius,</span> 
     </span>
     <span class='ocr_line' id='line_1_48' title="bbox 840 1315 1066 1355; baseline -0.009 -8"><span class='ocrx_word' id='word_1_120' title='bbox 840 1315 910 1347; x_wconf 87' lang='lat' dir='ltr'>Non</span> <span class='ocrx_word' id='word_1_121' title='bbox 938 1315 1066 1355; x_wconf 78' lang='lat' dir='ltr'>expavit</span> 
     </span>
    </p>

    <p class='ocr_par' dir='ltr' id='par_1_22' title="bbox 885 1362 1243 1401">
     <span class='ocr_line' id='line_1_49' title="bbox 885 1362 1243 1401; baseline 0.006 -9"><span class='ocrx_word' id='word_1_122' title='bbox 885 1362 1034 1393; x_wconf 90' lang='lat' dir='ltr'>mundum</span> <span class='ocrx_word' id='word_1_123' title='bbox 1057 1362 1243 1401; x_wconf 86' lang='lat' dir='ltr'>relinquere.</span> 
     </span>
    </p>
   </div>
   <div class='ocr_carea' id='block_1_14' title="bbox 93 1424 1388 1540">
    <p class='ocr_par' dir='ltr' id='par_1_23' title="bbox 93 1424 1388 1540">
     <span class='ocr_line' id='line_1_50' title="bbox 170 1424 1388 1463; baseline -0.003 -6"><span class='ocrx_word' id='word_1_124' title='bbox 170 1432 251 1457; x_wconf 82' lang='lat' dir='ltr'>Brev.</span> <span class='ocrx_word' id='word_1_125' title='bbox 270 1430 433 1457; x_wconf 53' lang='lat' dir='ltr'>BiterrensL</span> <span class='ocrx_word' id='word_1_126' title='bbox 455 1430 522 1462; x_wconf 85' lang='lat' dir='ltr'>imp.</span> <span class='ocrx_word' id='word_1_127' title='bbox 537 1427 672 1463; x_wconf 81' lang='lat' dir='ltr'>Lugduni</span> <span class='ocrx_word' id='word_1_128' title='bbox 690 1425 770 1456; x_wconf 65' lang='lat'>1534.</span> <span class='ocrx_word' id='word_1_129' title='bbox 786 1442 821 1446; x_wconf 91' lang='lat'>—-</span> <span class='ocrx_word' id='word_1_130' title='bbox 840 1428 875 1454; x_wconf 89' lang='lat' dir='ltr'>In</span> <span class='ocrx_word' id='word_1_131' title='bbox 898 1424 921 1452; x_wconf 96' lang='grc'>1.</span> <span class='ocrx_word' id='word_1_132' title='bbox 938 1428 1025 1463; x_wconf 85' lang='lat' dir='ltr'>Vesp.</span> <span class='ocrx_word' id='word_1_133' title='bbox 1043 1427 1079 1453; x_wconf 85' lang='lat' dir='ltr'>ad</span> <span class='ocrx_word' id='word_1_134' title='bbox 1092 1428 1190 1462; x_wconf 82' lang='lat' dir='ltr'>Magn.</span> <span class='ocrx_word' id='word_1_135' title='bbox 1205 1424 1236 1460; x_wconf 98' lang='lat' dir='ltr'>A,</span> <span class='ocrx_word' id='word_1_136' title='bbox 1260 1424 1295 1454; x_wconf 84' lang='lat'>12</span> <span class='ocrx_word' id='word_1_137' title='bbox 1307 1427 1388 1453; x_wconf 73' lang='lat' dir='ltr'>vine-</span> 
     </span>
     <span class='ocr_line' id='line_1_51' title="bbox 96 1461 1386 1502; baseline -0.003 -8"><span class='ocrx_word' id='word_1_138' title='bbox 96 1471 132 1495; x_wconf 83' lang='lat' dir='ltr'>tu=</span> <span class='ocrx_word' id='word_1_139' title='bbox 163 1467 294 1502; x_wconf 81' lang='lat' dir='ltr'>collegio.</span> <span class='ocrx_word' id='word_1_140' title='bbox 342 1480 351 1483; x_wconf 76' lang='grc'>-</span> <span class='ocrx_word' id='word_1_141' title='bbox 373 1466 418 1492; x_wconf 88' lang='lat' dir='ltr'>Ad</span> <span class='ocrx_word' id='word_1_142' title='bbox 433 1467 516 1494; x_wconf 75' lang='lat' dir='ltr'>Noct.</span> <span class='ocrx_word' id='word_1_143' title='bbox 533 1463 576 1491; x_wconf 70' lang='lat' dir='ltr'>BR</span> <span class='ocrx_word' id='word_1_144' title='bbox 600 1465 612 1493; x_wconf 91' lang='lat'>1</span> <span class='ocrx_word' id='word_1_145' title='bbox 634 1465 693 1492; x_wconf 83' lang='lat' dir='ltr'>und</span> <span class='ocrx_word' id='word_1_146' title='bbox 712 1464 729 1492; x_wconf 85' lang='lat'>2</span> <span class='ocrx_word' id='word_1_147' title='bbox 750 1464 908 1499; x_wconf 70' lang='lat' dir='ltr'>prosaisch.</span> <span class='ocrx_word' id='word_1_148' title='bbox 984 1464 1030 1492; x_wconf 84' lang='lat' dir='ltr'>Ad</span> <span class='ocrx_word' id='word_1_149' title='bbox 1045 1466 1113 1491; x_wconf 85' lang='lat' dir='ltr'>Ben.</span> <span class='ocrx_word' id='word_1_150' title='bbox 1128 1463 1160 1497; x_wconf 87' lang='lat' dir='ltr'>A,</span> <span class='ocrx_word' id='word_1_151' title='bbox 1183 1461 1200 1491; x_wconf 69' lang='grc' dir='ltr'><em>ὃ</em></span> <span class='ocrx_word' id='word_1_152' title='bbox 1213 1465 1333 1499; x_wconf 81' lang='lat' dir='ltr'>potitus.</span> <span class='ocrx_word' id='word_1_153' title='bbox 1351 1478 1386 1483; x_wconf 85' lang='lat'>—</span> 
     </span>
     <span class='ocr_line' id='line_1_52' title="bbox 93 1501 856 1540; baseline -0.005 -7"><span class='ocrx_word' id='word_1_154' title='bbox 93 1506 128 1533; x_wconf 91' lang='lat' dir='ltr'>In</span> <span class='ocrx_word' id='word_1_155' title='bbox 148 1504 174 1532; x_wconf 81' lang='grc'>2.</span> <span class='ocrx_word' id='word_1_156' title='bbox 195 1507 216 1533; x_wconf 59' lang='lat'>*5¹</span> <span class='ocrx_word' id='word_1_157' title='bbox 254 1514 281 1540; x_wconf 88' lang='lat' dir='ltr'>p.</span> <span class='ocrx_word' id='word_1_158' title='bbox 303 1505 339 1532; x_wconf 83' lang='lat' dir='ltr'>ad</span> <span class='ocrx_word' id='word_1_159' title='bbox 359 1504 456 1539; x_wconf 77' lang='lat' dir='ltr'>Magn.</span> <span class='ocrx_word' id='word_1_160' title='bbox 478 1501 509 1533; x_wconf 82' lang='lat' dir='ltr'>A,</span> <span class='ocrx_word' id='word_1_161' title='bbox 534 1502 568 1531; x_wconf 83' lang='lat'>14</span> <span class='ocrx_word' id='word_1_162' title='bbox 587 1504 695 1530; x_wconf 82' lang='lat' dir='ltr'>sanctis</span> <span class='ocrx_word' id='word_1_163' title='bbox 715 1504 856 1529; x_wconf 83' lang='lat' dir='ltr'>conscius.</span> 
     </span>
    </p>
   </div>
   <div class='ocr_carea' id='block_1_15' title="bbox 514 1611 960 1652">
    <p class='ocr_par' dir='ltr' id='par_1_24' title="bbox 514 1611 960 1652">
     <span class='ocr_line' id='line_1_53' title="bbox 514 1611 960 1652; baseline -0.004 -9"><span class='ocrx_word' id='word_1_164' title='bbox 514 1613 541 1643; x_wconf 83' lang='lat'>2.</span> <span class='ocrx_word' id='word_1_165' title='bbox 580 1612 623 1642; x_wconf 83' lang='lat' dir='ltr'>De</span> <span class='ocrx_word' id='word_1_166' title='bbox 644 1613 751 1643; x_wconf 78' lang='lat' dir='ltr'>sancto</span> <span class='ocrx_word' id='word_1_167' title='bbox 772 1611 960 1652; x_wconf 74' lang='lat' dir='ltr'>Agrippam.</span> 
     </span>
    </p>
   </div>
   <div class='ocr_carea' id='block_1_16' title="bbox 232 1692 574 1793">
    <p class='ocr_par' dir='ltr' id='par_1_25' title="bbox 232 1692 574 1793">
     <span class='ocr_line' id='line_1_54' title="bbox 232 1692 574 1731; baseline -0.006 -7"><span class='ocrx_word' id='word_1_168' title='bbox 232 1693 275 1724; x_wconf 78' lang='lat' dir='ltr'>in</span> <span class='ocrx_word' id='word_1_169' title='bbox 304 1694 333 1725; x_wconf 93' lang='lat'>1.</span> <span class='ocrx_word' id='word_1_170' title='bbox 360 1692 574 1731; x_wconf 89' lang='lat' dir='ltr'>Vesperis.</span> 
     </span>
     <span class='ocr_line' id='line_1_55' title="bbox 275 1757 528 1793; baseline -0.004 -9"><span class='ocrx_word' id='word_1_171' title='bbox 275 1757 367 1793; x_wconf 85' lang='lat' dir='ltr'>Super</span> <span class='ocrx_word' id='word_1_172' title='bbox 386 1757 528 1783; x_wconf 85' lang='lat' dir='ltr'>Psalmos.</span> 
     </span>
    </p>
   </div>
   <div class='ocr_carea' id='block_1_17' title="bbox 93 1814 710 2089">
    <p class='ocr_par' dir='ltr' id='par_1_26' title="bbox 93 1814 710 2089">
     <span class='ocr_line' id='line_1_56' title="bbox 93 1814 605 1856; baseline -0.006 -8"><span class='ocrx_word' id='word_1_173' title='bbox 93 1817 133 1848; x_wconf 89' lang='lat' dir='ltr'>A.</span> <span class='ocrx_word' id='word_1_174' title='bbox 166 1816 237 1856; x_wconf 83' lang='lat' dir='ltr'>Eja,</span> <span class='ocrx_word' id='word_1_175' title='bbox 266 1816 470 1854; x_wconf 83' lang='lat' dir='ltr'>deprecemur</span> <span class='ocrx_word' id='word_1_176' title='bbox 493 1814 605 1854; x_wconf 87' lang='lat' dir='ltr'>Deum,</span> 
     </span>
     <span class='ocr_line' id='line_1_57' title="bbox 168 1861 601 1896; baseline -0.012 0"><span class='ocrx_word' id='word_1_177' title='bbox 168 1864 215 1896; x_wconf 88' lang='lat' dir='ltr'>Ut</span> <span class='ocrx_word' id='word_1_178' title='bbox 240 1863 347 1893; x_wconf 84' lang='lat' dir='ltr'>visitet</span> <span class='ocrx_word' id='word_1_179' title='bbox 371 1871 458 1892; x_wconf 91' lang='lat' dir='ltr'>suum</span> <span class='ocrx_word' id='word_1_180' title='bbox 485 1861 601 1892; x_wconf 85' lang='lat' dir='ltr'>clerum</span> 
     </span>
     <span class='ocr_line' id='line_1_58' title="bbox 210 1908 602 1948; baseline -0.005 -7"><span class='ocrx_word' id='word_1_181' title='bbox 210 1909 254 1942; x_wconf 76' lang='lat' dir='ltr'>Et</span> <span class='ocrx_word' id='word_1_182' title='bbox 278 1908 429 1941; x_wconf 76' lang='lat' dir='ltr'>defendat</span> <span class='ocrx_word' id='word_1_183' title='bbox 451 1908 602 1948; x_wconf 76' lang='lat' dir='ltr'>populum</span> 
     </span>
     <span class='ocr_line' id='line_1_59' title="bbox 166 1957 710 1997; baseline -0.007 -8"><span class='ocrx_word' id='word_1_184' title='bbox 166 1958 228 1989; x_wconf 86' lang='lat' dir='ltr'>Per</span> <span class='ocrx_word' id='word_1_185' title='bbox 252 1959 423 1997; x_wconf 80' lang='lat' dir='ltr'>martyrem</span> <span class='ocrx_word' id='word_1_186' title='bbox 449 1964 537 1987; x_wconf 88' lang='lat' dir='ltr'>suum</span> <span class='ocrx_word' id='word_1_187' title='bbox 559 1957 710 1995; x_wconf 81' lang='lat' dir='ltr'>sanctum,</span> 
     </span>
     <span class='ocr_line' id='line_1_60' title="bbox 165 2002 600 2042; baseline -0.005 -7"><span class='ocrx_word' id='word_1_188' title='bbox 165 2004 261 2042; x_wconf 84' lang='lat' dir='ltr'>Quem</span> <span class='ocrx_word' id='word_1_189' title='bbox 287 2002 412 2042; x_wconf 82' lang='lat' dir='ltr'>amavit,</span> <span class='ocrx_word' id='word_1_190' title='bbox 440 2003 600 2034; x_wconf 86' lang='lat' dir='ltr'>decoravit</span> 
     </span>
     <span class='ocr_line' id='line_1_61' title="bbox 211 2049 645 2089; baseline -0.002 -7"><span class='ocrx_word' id='word_1_191' title='bbox 211 2051 393 2083; x_wconf 80' lang='lat' dir='ltr'>Praesulem</span> <span class='ocrx_word' id='word_1_192' title='bbox 418 2049 645 2089; x_wconf 80' lang='lat' dir='ltr'>Agrippanum.</span> 
     </span>
    </p>
   </div>
   <div class='ocr_carea' id='block_1_18' title="bbox 285 2123 525 2159">
    <p class='ocr_par' dir='ltr' id='par_1_27' title="bbox 285 2123 525 2159">
     <span class='ocr_line' id='line_1_62' title="bbox 285 2123 525 2159; baseline -0.008 -8"><span class='ocrx_word' id='word_1_193' title='bbox 285 2124 330 2151; x_wconf 83' lang='lat' dir='ltr'>Ad</span> <span class='ocrx_word' id='word_1_194' title='bbox 349 2123 525 2159; x_wconf 75' lang='lat' dir='ltr'>Magnificat.</span> 
     </span>
    </p>
   </div>
   <div class='ocr_carea' id='block_1_19' title="bbox 91 2181 667 2363">
    <p class='ocr_par' dir='ltr' id='par_1_28' title="bbox 91 2181 667 2363">
     <span class='ocr_line' id='line_1_63' title="bbox 91 2181 619 2222; baseline -0.006 -7"><span class='ocrx_word' id='word_1_195' title='bbox 91 2184 131 2214; x_wconf 83' lang='lat' dir='ltr'>A.</span> <span class='ocrx_word' id='word_1_196' title='bbox 157 2183 285 2222; x_wconf 83' lang='lat' dir='ltr'>Martyr</span> <span class='ocrx_word' id='word_1_197' title='bbox 309 2189 399 2213; x_wconf 82' lang='lat' dir='ltr'>sacer</span> <span class='ocrx_word' id='word_1_198' title='bbox 424 2184 456 2212; x_wconf 75' lang='lat' dir='ltr'>et.</span> <span class='ocrx_word' id='word_1_199' title='bbox 477 2181 619 2221; x_wconf 84' lang='lat' dir='ltr'>insignis,</span> 
     </span>
     <span class='ocr_line' id='line_1_64' title="bbox 210 2227 582 2269; baseline -0.003 -9"><span class='ocrx_word' id='word_1_200' title='bbox 210 2227 353 2269; x_wconf 86' lang='lat' dir='ltr'>pontifex</span> <span class='ocrx_word' id='word_1_201' title='bbox 378 2228 582 2268; x_wconf 83' lang='lat' dir='ltr'>Agrippanus</span> 
     </span>
     <span class='ocr_line' id='line_1_65' title="bbox 162 2276 667 2316; baseline -0.004 -8"><span class='ocrx_word' id='word_1_202' title='bbox 162 2278 221 2316; x_wconf 80' lang='lat' dir='ltr'>Qui</span> <span class='ocrx_word' id='word_1_203' title='bbox 246 2277 383 2308; x_wconf 83' lang='lat' dir='ltr'>exsultas</span> <span class='ocrx_word' id='word_1_204' title='bbox 410 2284 478 2307; x_wconf 89' lang='lat' dir='ltr'>cum</span> <span class='ocrx_word' id='word_1_205' title='bbox 502 2276 667 2314; x_wconf 77' lang='lat' dir='ltr'>praeclaro</span> 
     </span>
     <span class='ocr_line' id='line_1_66' title="bbox 210 2322 529 2363; baseline -0.009 -7"><span class='ocrx_word' id='word_1_206' title='bbox 210 2325 372 2357; x_wconf 78' lang='lat' dir='ltr'>beatorum</span> <span class='ocrx_word' id='word_1_207' title='bbox 396 2322 529 2363; x_wconf 85' lang='lat' dir='ltr'>agmine,</span> 
     </span>
    </p>
   </div>
   <div class='ocr_carea' id='block_1_20' title="bbox 839 1691 1306 1872">
    <p class='ocr_par' dir='ltr' id='par_1_29' title="bbox 839 1691 1299 1778">
     <span class='ocr_line' id='line_1_67' title="bbox 839 1691 1299 1730; baseline 0.002 -8"><span class='ocrx_word' id='word_1_208' title='bbox 839 1691 886 1722; x_wconf 86' lang='lat' dir='ltr'>Te</span> <span class='ocrx_word' id='word_1_209' title='bbox 909 1699 1075 1730; x_wconf 87' lang='lat' dir='ltr'>precamur</span> <span class='ocrx_word' id='word_1_210' title='bbox 1099 1700 1178 1730; x_wconf 84' lang='lat' dir='ltr'>puro</span> <span class='ocrx_word' id='word_1_211' title='bbox 1205 1691 1299 1723; x_wconf 82' lang='lat' dir='ltr'>corde</span> 
     </span>
     <span class='ocr_line' id='line_1_68' title="bbox 886 1737 1242 1778; baseline 0.003 -10"><span class='ocrx_word' id='word_1_212' title='bbox 886 1746 924 1768; x_wconf 85' lang='lat' dir='ltr'>ac</span> <span class='ocrx_word' id='word_1_213' title='bbox 948 1738 1078 1769; x_wconf 88' lang='lat' dir='ltr'>sinceris</span> <span class='ocrx_word' id='word_1_214' title='bbox 1104 1737 1242 1778; x_wconf 84' lang='lat' dir='ltr'>vocibus,</span> 
     </span>
    </p>

    <p class='ocr_par' dir='ltr' id='par_1_30' title="bbox 839 1785 1306 1872">
     <span class='ocr_line' id='line_1_69' title="bbox 839 1785 1239 1824; baseline 0 -8"><span class='ocrx_word' id='word_1_215' title='bbox 839 1785 885 1817; x_wconf 82' lang='lat' dir='ltr'>Ut</span> <span class='ocrx_word' id='word_1_216' title='bbox 907 1793 964 1815; x_wconf 89' lang='lat' dir='ltr'>nos</span> <span class='ocrx_word' id='word_1_217' title='bbox 989 1788 1043 1816; x_wconf 84' lang='lat' dir='ltr'>tua</span> <span class='ocrx_word' id='word_1_218' title='bbox 1067 1786 1121 1824; x_wconf 80' lang='lat' dir='ltr'>pia</span> <span class='ocrx_word' id='word_1_219' title='bbox 1143 1794 1239 1823; x_wconf 84' lang='lat' dir='ltr'>prece</span> 
     </span>
     <span class='ocr_line' id='line_1_70' title="bbox 887 1832 1306 1872; baseline 0.007 -11"><span class='ocrx_word' id='word_1_220' title='bbox 887 1833 1015 1864; x_wconf 81' lang='lat' dir='ltr'>summis</span> <span class='ocrx_word' id='word_1_221' title='bbox 1036 1832 1149 1872; x_wconf 85' lang='lat' dir='ltr'>jungas</span> <span class='ocrx_word' id='word_1_222' title='bbox 1176 1832 1306 1867; x_wconf 68' lang='lat' dir='ltr'>civibus.</span> 
     </span>
    </p>
   </div>
   <div class='ocr_carea' id='block_1_21' title="bbox 884 2002 1229 2035">
    <p class='ocr_par' dir='ltr' id='par_1_31' title="bbox 884 2002 1229 2035">
     <span class='ocr_line' id='line_1_71' title="bbox 884 2002 1229 2035; baseline 0.003 -3"><span class='ocrx_word' id='word_1_223' title='bbox 884 2002 945 2032; x_wconf 86' lang='lat' dir='ltr'>Ad</span> <span class='ocrx_word' id='word_1_224' title='bbox 970 2002 1229 2035; x_wconf 74' lang='lat' dir='ltr'>Matutinum.</span> 
     </span>
    </p>
   </div>
   <div class='ocr_carea' id='block_1_22' title="bbox 971 2096 1185 2124">
    <p class='ocr_par' dir='ltr' id='par_1_32' title="bbox 971 2096 1185 2124">
     <span class='ocr_line' id='line_1_72' title="bbox 971 2096 1185 2124; baseline 0.009 -2"><span class='ocrx_word' id='word_1_225' title='bbox 971 2096 1185 2124; x_wconf 80' lang='lat' dir='ltr'>Invitatorium.</span> 
     </span>
    </p>
   </div>
   <div class='ocr_carea' id='block_1_23' title="bbox 836 2181 1324 2365">
    <p class='ocr_par' dir='ltr' id='par_1_33' title="bbox 837 2181 1324 2269">
     <span class='ocr_line' id='line_1_73' title="bbox 837 2181 1282 2215; baseline 0.004 -3"><span class='ocrx_word' id='word_1_226' title='bbox 837 2181 1032 2213; x_wconf 76' lang='lat' dir='ltr'>Veneremur</span> <span class='ocrx_word' id='word_1_227' title='bbox 1057 2183 1282 2215; x_wconf 68' lang='lat' dir='ltr'>conlaudantes</span> 
     </span>
     <span class='ocr_line' id='line_1_74' title="bbox 885 2229 1324 2269; baseline 0.009 -11"><span class='ocrx_word' id='word_1_228' title='bbox 885 2236 987 2267; x_wconf 88' lang='lat' dir='ltr'>regem</span> <span class='ocrx_word' id='word_1_229' title='bbox 1014 2237 1120 2269; x_wconf 85' lang='lat' dir='ltr'>regum</span> <span class='ocrx_word' id='word_1_230' title='bbox 1145 2229 1324 2269; x_wconf 88' lang='lat' dir='ltr'>Dominum,</span> 
     </span>
    </p>

    <p class='ocr_par' dir='ltr' id='par_1_34' title="bbox 836 2274 1317 2365">
     <span class='ocr_line' id='line_1_75' title="bbox 836 2274 1276 2316; baseline 0.009 -11"><span class='ocrx_word' id='word_1_231' title='bbox 836 2274 894 2314; x_wconf 83' lang='lat' dir='ltr'>Qui</span> <span class='ocrx_word' id='word_1_232' title='bbox 919 2275 1044 2308; x_wconf 81' lang='lat' dir='ltr'>beatum</span> <span class='ocrx_word' id='word_1_233' title='bbox 1069 2286 1165 2316; x_wconf 82' lang='lat' dir='ltr'>super</span> <span class='ocrx_word' id='word_1_234' title='bbox 1189 2280 1276 2309; x_wconf 82' lang='lat' dir='ltr'>astra</span> 
     </span>
     <span class='ocr_line' id='line_1_76' title="bbox 885 2323 1317 2365; baseline 0.012 -13"><span class='ocrx_word' id='word_1_235' title='bbox 885 2323 1061 2355; x_wconf 78' lang='lat' dir='ltr'>transvexit</span> <span class='ocrx_word' id='word_1_236' title='bbox 1084 2324 1317 2365; x_wconf 82' lang='lat' dir='ltr'>Agrippanum.</span> 
     </span>
    </p>
   </div>
  </div>
 </body>
</html>
