1651 2588
711 61 946 97 -94-,.

197 160 228 191 2.
254 158 279 190 O
302 159 500 198 praeclarum
931 160 1029 199 Quam
1053 157 1209 190 infirmam

300 205 360 237 Dei
386 205 586 245 miraculum,
979 203 1067 237 flevit
1090 204 1282 243 medullitus,

256 251 333 284 Gum
356 252 462 292 sopori
933 253 1000 291 Qua
1024 250 1174 285 defuncta

303 299 443 331 <ledisset
467 299 603 341 oculum,
980 299 1116 332 cessavit
1139 298 1281 339 gemitus.

255 345 373 378 Turtur
396 346 508 386 pennis
874 349 905 381 4.
932 346 1054 378 Audita
1077 349 1125 378 est
1148 354 1209 379 vox
1235 345 1274 378 de
1300 343 1395 376 caelis

304 395 336 424 01
359 393 418 425 alis
443 393 573 432 geminis
932 394 969 425 In
994 391 1134 424 solamen
1156 391 1306 432 Agryelis

260 439 443 472 Ventilabat
979 439 1096 471 Affecti
1118 438 1257 480 tristitia,

303 485 413 518 faciem
439 486 580 525 virginis.
933 487 1022 526 Quod
1049 486 1189 526 requiem
1214 485 1282 517 sine
1306 483 1369 516 fine

189 536 227 567 V.
257 533 398 566 Helenae
424 533 592 572 dupliciter
933 534 1015 572 Regi
1038 533 1131 565 simul
1157 535 1188 563 et
1213 532 1342 572 reginae

305 583 410 612 turtur
434 578 613 617 famulatur,
982 579 1190 619 Praeparavit
1215 577 1290 610 filia.

259 627 322 658 Per
347 635 437 667 quem
461 635 569 658 musca
592 624 718 665 refugit,
882 637 911 668 5·
937 636 961 669 0
986 635 1133 668 miranda

304 676 408 705 aestus
432 675 635 713 temperatur.
979 682 1110 723 virginis
1135 681 1245 723 gloria,

200 732 229 763 3,
256 730 380 770 Aegrae
405 730 508 761 carnis
933 730 1041 763 Nubes
1065 730 1180 769 pluunt

306 777 434 809 medere
458 776 602 816 stimulis,
980 786 1067 809 rosas
1093 779 1125 808 et
1148 776 1227 816 lilia,

265 824 370 864 Virgo,
396 824 513 855 nostris
932 824 1062 864 Quando
1089 823 1168 855 coeli

304 879 454 910 praesens
478 870 536 901 sub
562 869 670 909 oculis,
978 871 1095 902 transit
1118 871 1160 902 ad
1184 870 1275 902 atria.

264 917 365 957 Virgo,
393 925 501 948 carens

306 965 391 1003 rugis
417 966 448 994 et
470 964 610 1002 maculis,
1047 963 1091 989 Ad
1111 961 1293 990 Benedictus.

262 1010 367 1051 Virgo,
392 1010 489 1062 tanus
553 1056 559 1062 ,
861 1021 899 1051 A.
928 1022 1007 1061 Ave,
1036 1020 1122 1060 virgo
1147 1019 1279 1052 illibata.

310 1056 588 1109 clara-mffacuhs.
931 1067 1133 1099 Trecensium
1158 1066 1314 1098 advocata

190 1104 226 1136 V·
258 1102 471 1135 Clstfflasstlbus
577 1149 583 1155 ,
979 1112 1090 1145 Coram
1114 1121 1229 1152 sponso
1254 1116 1319 1153 tuo,

306 1157 453 1202 ‘fumasse
477 1147 612 1187 famUhS’
931 1161 1009 1199 Ave,
1035 1160 1175 1199 prudens
1200 1162 1232 1191 01
1255 1159 1357 1200 beata,

262 1195 425 1228 Universis

932 1206 985 1239 Ad
1009 1207 1134 1246 nuptias
1159 1210 1350 1246 praeparata

978 1253 1061 1284 Vase
1084 1262 1145 1285 non
1171 1262 1286 1294 vacu03

929 1302 1010 1339 Ave,
1033 1300 1101 1332 Deo
1127 1300 1317 1340 desponsata

349 1355 395 1386 In
419 1353 644 1386 Laudibus.
935 1347 981 1379 Et
1001 1347 1067 1385 giam
1092 1347 1216 1379 Christo
1238 1348 1385 1387 copulata

981 1393 1073 1425 Nexu
1096 1396 1259 1436 perpetuo,

311 1243 403 1274 simul
428 1244 459 1273 et
483 1242 623 1283 singulis.

401 1428 595 1464 Antiphonae.
935 1441 981 1474 Ut
1004 1443 1135 1480 amatus,
1161 1439 1213 1472 fac
1237 1444 1352 1483 amata,

205 1496 236 1528 1.
261 1495 367 1536 Virgo,
396 1496 486 1535 virga
507 1498 722 1535 tyrannorum,
932 1488 995 1520 Sua
1018 1488 1159 1520 remittat.
1183 1491 1289 1520 errata

310 1542 398 1575 Sicut
419 1542 533 1581 probat
559 1542 736 1583 Alphybus„
984 1533 1080 1574 Gregi
1105 1535 1226 1575 exiguo,

262 1589 308 1620 Te
331 1590 511 1621 laudantem
533 1598 625 1622 serva
649 1589 774 1620 chorum

309 1636 339 1667 A
363 1637 507 1676 luporum
532 1635 696 1667 morsibus.

206 1694 238 1724 2.
265 1690 382 1732 Gletus,
409 1692 569 1731 evangelio

263 1737 361 1769 Simul
386 1741 417 1769 et,
440 1737 542 1769 cilicio
1052 1729 1098 1757 Ad
1118 1729 1293 1765 Magnificat-

997 1656 1040 1687 In
1068 1657 1098 1688 2.
1124 1656 1337 1695 vesperis,

307 1785 395 1817 Clam
418 1786 529 1837 pectus
554 1785 703 1823 armatus,
864 1796 904 1827 A,
928 1795 957 1827 0
978 1795 1065 1835 virgo
1088 1797 1221 1837 Helena,

263 1830 403 1863 Helenae
423 1831 545 1869 Judlclo
982 1843 1077 1881 plena
1102 1844 1288 1883 dulcedinis,

264 1877 309 1909 Et,
331 1878 414 1918 regis
437 1878 571 1917 imperio
936 1889 1071 1921 Pudoris
1096 1891 1258 1931 speculum

313 1925 445 1957 Praesul
470 1927 518 1956 est.
542 1926 675 1957 oreatus,
981 1936 1058 1968 viris
1084 1941 1115 1969 et
1138 1937 1275 1978 feminis,

207 1983 237 2014 3.
262 1981 346 2012 Ante
370 1980 431 2013 fuit
936 1983 1081 2015 Hostiam
1104 1985 1230 2024 suscipe

313 2028 342 2059 ei
365 2028 584 2068 praecognitus
983 2031 1087 2063 devoti
1112 2033 1259 2065 carminis

265 2073 347 2106 Suae
369 2075 479 2107 matris
935 2077 980 2108 Et
1004 2078 1112 2118 culpas
1136 2080 1221 2112 dilue

310 2122 475 2153 imminens
499 2123 661 2161 transitus,
987 2127 1163 2164 praesentis
1188 2128 1331 2166 agminis.

270 2196 354 2223 Brev.
382 2205 432 2224 ms.
461 2198 602 2225 Trecense
627 2205 702 2224 saec.
729 2195 772 2225 13.
794 2196 861 2224 Cod.
881 2198 998 2226 ’Ἧι-00011.
1026 2198 1098 2228 1147
1117 2202 1152 2229 A.
1178 2216 1216 2220 —
1234 2202 1319 2230 Brev.
1344 2210 1396 2229 ms.
1416 2202 1485 2230 Tre-

195 2242 279 2262 cense
304 2242 378 2261 saec.
408 2232 450 2262 14.
472 2234 539 2262 Ood.
558 2236 677 2262 Trecen.
705 2232 786 2262 1148.
809 2235 841 2261 Β.
863 2250 898 2254 -
920 2237 1002 2264 Brev.
1023 2246 1074 2265 ms.
1092 2240 1234 2267 Trecense
1254 2249 1328 2268 saec.
1351 2238 1393 2267 15.
1416 2239 1483 2268 Ood.

196 2273 313 2299 Trecen.
337 2270 417 2300 1981.
439 2271 468 2298 G.
489 2287 525 2291 —-
544 2273 629 2300 Brev.
649 2281 701 2299 ms.
720 2273 862 2300 Trecense
881 2281 956 2301 saec.
979 2272 1021 2301 15.
1043 2275 1111 2303 cod.
1130 2278 1249 2304 Trecen.
1271 2275 1353 2305 1847.
1374 2278 1409 2304 D.
