1651 2588
724 112 768 118 -
819 92 982 128 146—

233 190 265 222 4.
290 190 407 222 Sancta
429 192 550 229 martyr
576 189 651 220 dum
673 188 807 220 insultus

292 237 402 269 Carnis
427 237 525 269 sentit
548 239 580 268 et
602 237 762 275 tumultus,

289 283 413 315 Flendo
439 283 562 322 quaerit
585 283 669 315 vitae
692 285 827 323 portum,

285 330 385 370 Virgo
409 330 535 361 mittens
560 330 639 361 lucis
664 332 767 362 ortum

289 377 391 416 Fugat
414 377 525 416 procul
549 378 741 409 incentorem

289 424 421 455 Dulcem
443 423 492 454 illi
516 422 650 455 fundens
675 432 796 462 rorem,

219 470 256 502 V.
286 470 391 509 MaJ'or
414 470 565 509 maiorem

329 517 485 556 promittit
507 517 593 548 lucta
616 525 773 549 eoronam.

349 601 396 632 In
422 601 453 632 3.
480 600 705 632 Nocturno.

426 654 474 681 Ad
494 654 622 682 Cantica.

219 703 258 734 A.
288 702 366 742 Rex,
394 703 447 743 qui
473 705 584 734 cuncta
607 704 697 745 regit,

336 750 388 789 qui
412 758 516 781 rerum
540 748 641 781 flectit
664 750 813 790 habenas,

289 795 427 835 Suscipit
451 796 582 827 electam

334 842 422 874 felici
443 842 507 874 fine
529 843 675 883 Mariam,

288 889 374 929 Ergo
398 892 460 921 tuis
485 890 544 921 tibi
566 898 660 929 posse
684 891 757 922 dato

333 944 490 975 succurre,
511 936 627 970 Maria.

425 1010 630 1045 Responsoria.

231 1059 262 1091 1.
290 1058 420 1090 Crucem
446 1066 538 1089 cruce
562 1058 746 1100 graviorem,

285 1104 403 1135 Ensem
428 1112 502 1135 ense
524 1103 696 1144 fortiorem,

287 1151 345 1189 Qui
368 1151 490 1182 Mariae
515 1150 624 1183 studes
648 1151 745 1192 laudi,

286 1197 386 1229 Deum
411 1198 542 1229 laudans
565 1198 666 1229 laetus
691 1197 782 1230 audi:

286 1244 500 1284 Quadraginta
523 1244 602 1275 vixit
625 1245 714 1276 annis

286 1290 361 1322 Sine
381 1299 472 1330 pane,
499 1291 567 1322 sine
589 1292 719 1331 pannis;

216 1339 255 1371 V.
284 1338 412 1370 Peccati
435 1338 595 1369 stimulum

333 1385 409 1417 vicit
434 1384 597 1424 carnisque
620 1386 796 1423 tyrannum.

230 1443 261 1474 2.
287 1440 394 1472 Sancti
416 1440 517 1480 patris
540 1440 683 1472 Zosimae

331 1487 447 1519 Merito
471 1490 664 1519 monstratur

287 1531 410 1565 Tantae
430 1542 569 1574 gemmae
593 1534 729 1577 claritas,

331 1580 449 1612 Videns
476 1581 660 1623 delectatur,

286 1628 411 1659 Orantis
435 1627 468 1658 in
493 1636 565 1659 aere

333 1673 454 1714 Corpus
478 1673 660 1705 sublevatur

285 1720 339 1760 Et,
366 1720 449 1760 quod
474 1721 592 1751 coelum
616 1723 769 1761 penetret,

336 1767 438 1799 Silens
463 1776 523 1798 vox
546 1769 696 1808 testatur-3

217 1816 254 1847 V.
285 1814 367 1845 Nam
391 1823 503 1853 corpus
531 1813 681 1854 sequitur,

334 1870 394 1900 quo
420 1861 524 1892 cordis
549 1861 684 1893 motibus
707 1862 781 1894 itur.

229 1920 259 1951 3.
286 1917 371 1949 Pede
394 1917 477 1948 sicco
501 1917 628 1949 transiit

327 1964 498 1996 Jordanem
521 1964 634 2006 Maria,

284 2011 367 2043 Nam
390 2011 424 2043 in
447 2009 512 2042 fide
534 2010 653 2042 fecerat

326 2058 458 2089 Pontem
479 2060 549 2090 arta
572 2057 633 2097 via,

285 2106 383 2144 Quam
406 2104 518 2136 miram
542 2107 747 2144 transegerat,

326 2151 378 2184 Ibi
400 2153 502 2183 mater
526 2152 579 2191 pia

288 2198 406 2238 Corpus
431 2199 526 2230 sumit
545 2199 672 2231 Domini

328 2246 383 2278 Sui
406 2245 477 2277 finis
502 2246 576 2288 scia,

213 2293 250 2325 V.
282 2292 380 2324 Plena
402 2293 470 2324 Deo
494 2292 624 2324 festinat
648 2302 693 2335 eo,

327 2348 387 2379 quo
412 2339 512 2380 gloria
534 2349 618 2372 vera.

905 188 938 223 4.
963 189 1049 221 Rosa
1072 186 1225 227 fraglans‚
1248 187 1303 218 lux
1327 187 1440 219 solaris

1008 236 1081 267 Tibi
1106 243 1231 274 semper
1254 233 1368 274 adfuit,

961 283 1007 315 Ut
1034 283 1171 315 calcares
1191 281 1292 313 undas
1313 282 1411 313 maris

1010 330 1079 362 Vim
1105 329 1229 360 virtutis
1253 328 1410 368 praebuit,

962 375 1055 409 Vitae
1077 376 1135 407 tibi
1160 375 1328 417 singularis

1007 422 1163 456 Patefecit
1186 422 1316 464 aditum,

962 471 1035 502 Tali
1059 469 1138 503 duce
1163 469 1323 501 coronaris

1010 517 1105 551 Coelo
1128 516 1268 548 reddens
1292 517 1458 558 spiritum,

923 588 930 594 .
961 564 986 596 O
1011 563 1125 603 Maria,
1151 572 1208 594 nos
1233 563 1396 595 adstantes

1013 611 1101 642 Tuae
1124 610 1213 642 laudi
1237 611 1369 650 respice,

963 657 1054 696 Juva,
1080 660 1190 700 mater,
1217 661 1249 689 te
1273 657 1439 689 laudantes

1009 704 1054 736 Et
1077 712 1133 735 nos
1157 707 1261 736 tecum
1285 705 1419 744 suscipe.

1055 865 1071 896 I
1080 872 1101 893 n
1125 862 1154 894 L
1162 872 1181 894 a
1190 873 1210 894 u
1221 864 1241 895 d
1251 863 1262 893 i
1272 863 1292 894 b
1302 873 1323 894 u
1332 873 1358 896 s.

1105 937 1299 972 Antiphonae.

927 1027 936 1034 .
960 1001 1031 1033 Jam
1055 1003 1213 1042 patienter
1236 1011 1344 1036 amans

1009 1052 1041 1080 et
1064 1049 1179 1081 amoris
1203 1049 1335 1082 vulnere
1350 1051 1501 1090 languens

961 1095 1079 1128 Luctas
1105 1099 1136 1126 et
1159 1097 1261 1127 luctus

1008 1141 1073 1174 fert
1088 1146 1197 1174 sancta
1213 1151 1327 1183 graves
1344 1144 1512 1187 patienter.

1504 1076 1512 1092 2

928 1231 936 1239 .
964 1207 1139 1239 Jerusalem
1163 1211 1230 1239 tota

1007 1254 1168 1294 suspirans
1197 1257 1303 1287 mente
1332 1265 1511 1297 supernam,

959 1300 1092 1340 Spiritui
1116 1302 1204 1341 vivit,

1007 1357 1069 1379 non
1095 1349 1181 1379 carni
1203 1348 1322 1380 caelibe
1345 1350 1421 1383 vita.

926 1437 934 1445 .
958 1413 1114 1453 Legitime
1139 1416 1263 1446 certans

1007 1460 1193 1499 Christoque
1234 1461 1366 1500 juvante
1402 1463 1511 1495 trium-

1279 1508 1382 1547 phans

959 1553 1098 1585 Militiae
1122 1554 1261 1592 palmam

1003 1600 1118 1639 recipit
1142 1601 1311 1640 meritique
1336 1611 1492 1638 coronam.

926 1690 933 1696 .
959 1664 1087 1697 Civibus
1111 1666 1274 1706 adscripta

1008 1712 1087 1744 coeli
1110 1714 1255 1745 mercede
1278 1714 1422 1748 laborum

961 1758 1032 1790 Jam
1056 1759 1181 1802 fruitur,
1207 1769 1327 1793 merces

1005 1806 1091 1839 Deus
1117 1809 1174 1847 est,
1200 1807 1270 1840 finis
1295 1809 1364 1840 sine
1387 1809 1459 1842 fine.

929 1898 935 1904 .
959 1872 1022 1914 Illi,
1049 1881 1109 1912 quo
1135 1872 1261 1912 frueris,

1006 1928 1192 1959 semperque
1215 1921 1309 1953 beata
1331 1921 1457 1966 frueris,

959 1965 1025 1997 Nos
1049 1975 1145 2006 prece
1169 1970 1352 2003 commenda

1003 2014 1089 2045 mala
1114 2014 1222 2046 delens
1245 2018 1365 2056 nostra,
1394 2017 1510 2051 Maria.

1071 2134 1119 2162 Aa
1138 2136 1323 2164 Benedictus.

921 2225 928 2231 .
959 2200 1104 2233 Summae
1128 2203 1247 2241 gloriae

957 2247 1085 2289 Regem,
1110 2250 1197 2288 cujus
1222 2250 1305 2283 facie

958 2293 1083 2327 Gaudes
1106 2296 1177 2328 luce

958 2341 1109 2374 Goelestis
1133 2344 1266 2386 patriae,
