1650 2587
230 181 308 213 Mox
335 181 500 213 Caesarius
526 182 687 221 sepulchri

279 231 389 267 raptus
416 228 456 260 de
478 228 611 260 latibulo

232 275 425 314 Electusque
450 278 499 307 est
519 285 539 307 a
564 280 674 308 cuncto

280 322 420 354 Arelatis
442 323 571 362 populo.

178 399 209 431 2.
235 397 338 437 Hujus
364 399 466 430 sancti
492 398 552 431 viri
577 396 670 442 [erat]

280 444 373 476 radix
400 445 613 485 devotissima,

231 491 377 523 Moribus
404 495 435 524 et
458 491 523 524 fide
546 492 624 524 satis

280 537 389 570 floruit
412 540 573 581 prosapia,

236 585 325 624 Quod
350 586 525 618 nobilitatis
551 590 638 618 certe

284 635 332 664 est
357 634 519 673 exemplar
542 633 666 668 celsiuS.

179 709 209 741 3.
237 707 376 747 Cumque
400 709 526 748 septimi
551 717 703 741 annorum

283 755 406 786 scilicet
430 756 585 787 curriculo

236 801 371 833 Sanctus
397 801 489 840 foret,
512 803 578 842 jam
605 803 738 843 tegimen

283 858 372 880 suum
399 850 479 881 clam
505 849 669 881 Caesarius

236 895 395 928 Offerebat
418 904 512 936 saepe
536 896 638 928 nudus

285 951 415 974 manens
439 942 664 982 indigentibus,

375 1045 581 1082 Responsoria.

179 1102 209 1135 1.
239 1102 295 1134 Vir
319 1101 381 1133 fuit
405 1103 540 1134 dilectus
563 1102 633 1134 Deo

282 1149 408 1181 nomine
434 1150 610 1188 Caesarius,

233 1196 450 1229 Admirandae
474 1197 651 1228 sanctitatis

283 1244 436 1275 exsistens
461 1253 481 1275 a
504 1252 611 1284 puero,

238 1289 333 1329 CuJus
359 1294 446 1323 ortus
472 1300 491 1322 a
514 1290 658 1330 personis

285 1337 407 1369 exstitit
432 1337 634 1376 clarissimis;

169 1383 205 1416 V.
242 1383 342 1415 Sacra
365 1393 499 1424 namque
523 1393 595 1415 mox
619 1385 652 1415 in
677 1392 713 1415 eo

284 1431 323 1462 ab
349 1431 427 1470 ipsis
453 1430 615 1462 cunabulis

235 1477 353 1510 Christi
378 1479 481 1518 gratia
502 1478 633 1517 J'uvante

282 1526 423 1557 excrevit
446 1525 566 1565 religio.

181 1602 212 1633 2.
240 1600 264 1632 O
291 1600 392 1632 virum
419 1608 493 1632 vere
517 1599 654 1641 beatum,

284 1647 371 1686 cujus
397 1655 510 1686 nempe
533 1647 670 1679 animum

229 1694 301 1726 Non
327 1694 413 1726 visus
439 1703 540 1733 neque
564 1695 690 1726 auditus

280 1741 425 1781 quiverat
446 1744 592 1774 avertere

235 1791 264 1821 A
292 1789 473 1822 coelestium
500 1788 651 1821 bonorum

284 1835 464 1868 dulcissimo
489 1839 627 1877 nectare,

165 1884 201 1916 V.
234 1884 330 1923 Cujus
356 1886 424 1915 erat
449 1892 537 1915 mens
560 1883 684 1915 intenta

279 1930 403 1971 gaudiis
428 1930 619 1971 perennibus

231 1978 300 2010 Nec
324 1978 364 2009 ab
391 1979 435 2010 eis
460 1978 512 2010 vel
536 1981 694 2010 momento

280 2028 478 2064 sequestrata
503 2025 633 2058 exstitit.

173 2103 204 2135 3
234 2101 373 2141 Cumque
397 2102 447 2134 vir
469 2100 596 2133 Domini
622 2101 735 2134 missus

279 2148 362 2181 foret
386 2150 419 2180 in
445 2148 601 2187 exsilium,

232 2196 329 2229 Casus
355 2197 451 2238 venit,
477 2198 514 2227 ut
533 2194 685 2235 flagraret

278 2244 350 2284 ipsa
372 2244 450 2275 urbs
474 2243 632 2285 incendio,

232 2291 408 2331 Populique
435 2290 687 2324 conclamarent:

277 2341 395 2380 sancte,
421 2338 512 2371 nobis
537 2338 688 2380 subveni3

787 87 926 121 51—

838 182 876 216 V.
908 182 1041 214 Atroces
1067 180 1261 214 flammarum
1285 180 1370 221 globi

958 229 1030 260 dum
1055 229 1223 271 saevirent,
1249 228 1395 268 improba

909 276 1016 307 Turba
1041 276 1174 316 supplex
1198 275 1366 306 invocabat

957 322 1114 355 Domuum
1138 331 1211 354 mox
1237 321 1427 354 Caesarium>

976 406 1019 438 In
1045 408 1077 440 2.
1099 406 1325 439 Nocturuo.

1050 471 1245 507 Antiphonae.

855 530 885 562 1.
913 528 989 560 Cum
1016 528 1225 560 discuteretur
1250 527 1354 559 verbis

960 584 1032 607 mox
1056 578 1223 616 parentum
1245 575 1375 614 asperis,

912 622 983 653 Suis
1008 623 1083 661 quid
1109 623 1148 654 de
1171 621 1367 654 vestimentis

959 669 1062 701 nudus
1086 678 1215 700 manens
1240 668 1382 708 gesserit,

913 716 959 747 At
981 716 1051 754 ipse
1075 716 1136 747 sibi
1161 716 1286 748 sublata

961 761 1061 794 refert
1083 772 1103 795 a
1126 762 1293 796 viantibus

855 821 886 852 2.
911 819 985 858 Ipse
1008 827 1100 851 sacra
1123 819 1226 850 nitens
1249 822 1338 857 jussa

961 866 1088 906 exsequi
1110 867 1177 905 jam
1201 866 1315 905 omnia,

915 912 1035 944 Cuncta
1059 912 1168 944 mundi
1192 912 1407 945 blandimenta

961 960 1082 998 respuit
1108 968 1145 991 ac
1168 962 1274 991 terrea

914 1005 1156 1045 Lirinorumque
1180 1011 1358 1038 sanctorum

960 1053 1081 1092 expetit
1106 1053 1272 1085 consortia.

857 1110 887 1142 3.
913 1108 1051 1148 Spiritus
1075 1117 1219 1149 nequam,
1244 1109 1414 1149 ingressus,

961 1156 1117 1195 quendam
1142 1156 1220 1187 satis
1244 1157 1404 1198 miserum,

916 1202 977 1233 Per
1002 1210 1036 1233 os
1062 1203 1129 1242 eius
1156 1203 1339 1235 clamitabat

961 1251 1035 1288 post
1060 1250 1184 1282 beatum
1208 1250 1255 1281 sic
1279 1251 1399 1282 virum:

916 1296 941 1328 Ο
968 1295 1106 1337 Caesari,
1132 1297 1205 1328 nolo
1229 1298 1328 1329 vadas

963 1343 1048 1383 illuc,
1075 1352 1136 1383 quo
1160 1346 1195 1375 tu
1219 1352 1383 1384 properas,

1053 1418 1258 1453 Responsoria.

855 1477 885 1508 1.
911 1475 1000 1506 Tunc
1024 1476 1170 1507 misertus
1195 1477 1322 1515 praesul
1349 1475 1464 1508 Christi

965 1523 1187 1554 conclamantis
1212 1524 1323 1563 populi

913 1568 954 1600 Se
976 1569 1134 1609 ignivomo
1160 1569 1261 1602 furori

964 1617 1104 1648 concitus
1129 1617 1286 1657 opposuit,

914 1663 1104 1695 Incumbens
1130 1664 1264 1696 orationi

961 1710 1028 1741 solo
1054 1709 1135 1743 flexo
1159 1711 1282 1750 poplite

843 1758 872 1790 V
909 1757 988 1788 Mox
1011 1760 1048 1789 ut
1071 1761 1176 1789 terrae
1199 1766 1280 1798 genu
1305 1757 1402 1801 flexit,

963 1804 1045 1836 vires
1070 1805 1261 1837 mirabiliter

915 1852 1039 1892 Ignium
1065 1852 1225 1885 exstinxit.

856 1910 887 1941 2.
914 1908 1014 1948 Igitur
1039 1912 1200 1949 comperta
1223 1915 1372 1951 princeps

960 1958 1056 1995 atque
1081 1965 1138 1988 rex
1162 1956 1303 1989 nefarius

912 2003 1098 2036 Innocentia
1123 2004 1208 2036 beati

961 2052 1118 2090 praesulis
1144 2050 1299 2095 Caesarii,

916 2098 1024 2130 Poscit
1046 2098 1192 2141 supplex,
1219 2101 1255 2129 ut
1277 2099 1318 2131 ad
1343 2109 1431 2131 suam

960 2145 1073 2178 redeat
1097 2146 1282 2187 ecclesiam,

846 2192 881 2224 V.
911 2192 1014 2224 Tanto
1039 2193 1185 2225 redeunti
1210 2195 1296 2233 patri

962 2240 1083 2272 civibus
1109 2240 1148 2272 ab
1175 2240 1318 2273 omnibus

917 2287 1072 2320 Comitiva
1095 2288 1237 2319 materiis

961 2338 992 2366 et
1018 2336 1117 2368 cereis
1142 2338 1330 2371 occurritur.

1253 2391 1297 2420 4*
