1651 2588
742 87 997 122 —246—

432 183 635 218 Responsoria.

238 233 270 266 1.
295 233 380 265 Ecce
406 231 472 263 dies
496 238 656 271 praesens,

224 512 261 545 V.

342 278 472 311 Taurini
494 278 590 310 laude
613 275 780 315 refulgens,

294 326 412 359 Invitat
434 325 577 365 populos,

340 371 469 412 pietatis
493 380 600 403 amore
621 371 770 402 venustos

294 420 346 451 Ad
370 418 528 459 specimen
552 416 631 449 tanti

340 475 398 505 per
422 465 511 505 signa
532 463 682 496 micantia
705 461 796 500 festi3

292 513 440 545 Exsultat
461 511 586 544 Christo
611 510 682 541 aula
705 509 771 548 poli

341 560 420 591 dans
442 558 549 589 munia
571 557 685 598 laudis,

297 605 422 638 Gaudet
445 607 477 636 et
499 605 532 635 in
555 603 651 635 terris

340 652 527 692 populorum
551 650 645 682 turba
668 648 781 681 fidelis.

262 733 270 741 .
295 708 391 747 Quam
417 706 494 739 felix
516 715 651 745 somnus,

345 754 472 786 coelesti
494 754 566 785 luce
588 761 781 792 corruscans,

294 802 382 842 virga
407 801 496 833 dedit
518 803 635 832 tactum

342 847 475 880 fecundo
499 846 577 879 flore
600 846 741 887 politum,

296 894 349 927 Sic
372 896 473 926 mater
494 894 617 933 tumuit,

345 949 424 981 quae
446 943 549 972 tactus
571 948 703 972 munera
725 937 819 970 fudit.

226 988 268 1021 V.
297 989 396 1028 Virga
420 990 467 1018 est
490 987 655 1028 TaurinuS,

345 1035 450 1066 divino
475 1033 562 1068 fonte
585 1033 714 1072 rigatus,

291 1081 375 1113 Lilia
399 1083 501 1112 castus
526 1089 622 1121 amor,

345 1136 435 1167 quem
446 1126 549 1158 flamm
553 1130 586 1158 at
592 1124 728 1158 flaminis
736 1134 772 1156 ar
776 1124 843 1157 dor.

241 1183 273 1214 3.
297 1183 386 1215 Tunc
410 1186 477 1214 erat
500 1182 631 1223 insignis

227 1463 265 1495 V.

346 1230 487 1262 Clemens
510 1230 543 1261 in
569 1228 703 1261 culmine
724 1228 819 1267 sediS,

297 1277 419 1317 Dignus
439 1277 613 1315 apostolica

344 1323 440 1363 signis
465 1322 662 1355 radiantibus
683 1322 764 1362 aula,

294 1370 441 1402 Sanctum
466 1369 634 1401 sanctificis

343 1425 473 1456 puerum
498 1417 551 1456 qui
574 1415 668 1448 tinxit
691 1415 725 1446 iu
739 1414 843 1453 undis,

293 1463 453 1495 Doctrinis
476 1462 604 1495 firmans

341 1510 434 1549 ⁴iustis
459 1512 491 1542 et
513 1509 650 1541 moribus
675 1510 797 1551 aptans,

302 1557 455 1588 Instruxit
478 1565 586 1587 verum

346 1602 472 1635 Domini
496 1603 553 1634 sub
572 1604 642 1641 lege
657 1601 842 1633 ministrum.

240 1660 272 1692 4.
299 1658 422 1690 Summe
445 1658 541 1697 Deus,
566 1657 626 1689 tibi
649 1658 717 1688 laus

347 1713 470 1745 semper
486 1706 537 1744 sit,
559 1713 679 1736 summa
695 1707 844 1743 potestas,

302 1753 457 1783 Taurinus
480 1760 539 1790 per
563 1759 654 1791 quem

345 1799 412 1830 veri
439 1798 623 1829 documenta
648 1805 816 1837 capescens

297 1845 385 1877 Sicut
408 1845 454 1877 sol
480 1845 566 1876 coelo

347 1893 392 1923 sic
415 1891 577 1931 splenduit
599 1899 654 1923 ore
679 1894 816 1932 venuste,

231 1939 268 1972 V.
299 1939 451 1978 Prudens,
472 1938 631 1978 pacificuS,

345 1985 450 2017 verbis
475 1986 624 2025 vultuque
647 1993 785 2024 serenus

300 2033 453 2073 Egregius
477 2033 607 2072 meritis,

349 2079 432 2111 omni
455 2080 574 2119 pietate
598 2078 744 2111 salubris.

363 2146 406 2178 In
432 2146 463 2179 2.
489 2145 715 2177 Nocturno.

442 2195 635 2231 Antiphonae.

244 2239 276 2271 1.
302 2238 407 2271 Gallia
429 2240 588 2279 pomposis

348 2288 423 2318 tunc
446 2286 613 2318 sublimata
636 2285 803 2325 triumphis

301 2333 431 2373 Semper
455 2342 535 2365 vana
560 2333 621 2365 diis

347 2379 490 2414 solvebat
515 2383 589 2413 vota
614 2380 750 2413 caducis.

911 183 945 215 2.

911 388 941 419 3.

901 1563 939 1597 V.

915 1759 945 1789 2.

901 2038 940 2071 V.

915 2237 947 2268 3.

968 181 1008 213 In
1032 183 1140 219 partes
1165 180 1253 218 cuius

1015 227 1161 266 graditur
1184 226 1356 266 Dionysius
1379 226 1492 265 almus,

964 273 1119 306 Taurinus
1145 281 1214 304 cum
1240 281 1300 311 quo

1014 319 1190 359 fulgescens
1217 319 1315 351 divite
1340 318 1447 352 verbo.

970 385 1077 425 Quem,
1105 393 1235 416 cernens
1260 388 1367 423 aptum

1016 432 1113 463 divini
1135 431 1216 471 juris
1242 432 1282 463 ad
1310 439 1408 470 usum,

967 479 1122 519 praesulis
1147 476 1252 510 officio

1012 534 1085 557 mox
1110 524 1291 557 sublimavit
1315 525 1457 557 honesto.

967 581 1137 621 Admonet,
1163 581 1317 620 hortatur,

1014 628 1143 660 tandem
1168 627 1215 658 sie
1239 628 1317 659 talia
1341 625 1442 659 fatur:

966 674 1121 707 Ebroicos
1146 674 1279 715 populos

1015 722 1073 753 tibi
1086 729 1168 753 nunc
1182 721 1341 753 committo
1352 720 1517 760 regendos.

968 777 1039 810 Jam
1064 777 1156 809 fortis
1180 777 1271 808 miles

1014 827 1123 864 gentes
1149 824 1303 856 domitare
1327 823 1449 855 feroces

968 871 1114 904 Festinat
1139 871 1253 911 verbis,

1015 922 1155 950 metuens
1184 927 1246 949 non
1273 918 1359 949 dicta
1382 917 1519 956 tyranni.

971 973 1108 1014 Signifer
1133 974 1275 1013 eximius,

1016 1020 1092 1052 fidei
1116 1020 1300 1053 fundamine
1325 1021 1456 1060 cinctus,

969 1067 1096 1099 Intrans
1120 1068 1274 1099 Ebroicas

1017 1114 1109 1145 verbi
1133 1113 1259 1146 diffudit
1280 1114 1428 1146 habenas.

1104 1216 1311 1251 Responsoria.

936 1309 944 1316 .
968 1281 1022 1314 Ad
1046 1282 1143 1313 vitam
1167 1290 1318 1315 revocans

1016 1328 1163 1361 miseram
1193 1329 1232 1360 de
1256 1334 1357 1362 morte
1380 1331 1519 1370 puellam

969 1375 1108 1408 Immites
1132 1375 1242 1407 turbas

1016 1422 1121 1453 verbis
1141 1424 1245 1455 domat
1262 1427 1357 1463 atque
1368 1423 1518 1456 reformat

969 1468 1192 1510 Ecclesiasque
1215 1470 1324 1502 locans

1018 1515 1188 1548 obscoenas
1215 1516 1349 1549 destruit
1373 1526 1454 1551 aras.

969 1562 1139 1601 Spiritibus
1164 1563 1253 1595 vanis

1019 1608 1136 1641 Christi
1160 1609 1276 1641 virtute
1299 1609 1425 1651 fugatis,

969 1656 1105 1688 Innovat
1124 1656 1267 1696 antiquas

1017 1703 1165 1735 novitatis
1190 1703 1308 1736 honore
1332 1705 1488 1739 tenebras.

972 1757 1060 1790 Dans
1084 1767 1237 1799 responsa
1261 1761 1325 1792 suis

1020 1805 1150 1837 daemon
1176 1808 1356 1840 custodibus
1382 1809 1500 1848 inquit:

970 1851 1125 1883 Taurinus
1153 1853 1229 1886 diris

1018 1907 1088 1930 mea
1108 1901 1236 1940 stringit
1260 1903 1342 1934 colla
1366 1903 1496 1943 catenis,

973 1944 1070 1977 Nulla
1093 1947 1170 1978 mihi
1195 1948 1295 1980 virtus

1018 1997 1171 2034 superest,
1196 2004 1258 2026 non
1283 1997 1349 2028 ulla
1369 2000 1521 2036 potestas.

970 2039 1052 2079 Jam,
1077 2041 1193 2083 miseri,
1221 2047 1342 2075 cessate
1365 2044 1443 2075 meis

1018 2086 1165 2120 insistere
1191 2089 1283 2130 euris,

973 2133 1123 2172 Captivus
1147 2138 1265 2178 teneor,

1019 2181 1092 2220 quia
1100 2192 1156 2214 vos
1163 2183 1362 2225 patriamque
1370 2185 1522 2225 relinquO.

972 2235 1113 2271 Licinius
1137 2248 1266 2279 praeses

1019 2284 1116 2318 nimia
1137 2287 1211 2319 dum
1235 2286 1367 2320 fluctuat
1389 2288 1447 2327 ira,

976 2329 1148 2364 Taurinum
1168 2333 1261 2374 Jubet
1283 2334 1401 2375 inquiri

1024 2383 1211 2421 captumque
1234 2382 1353 2423 teneri3
