1650 2587
698 87 933 122 -22-.

298 182 357 214 Ad
383 179 645 216 Matutinum.

365 266 579 293 Invitatorium.

233 341 438 373 Exsultantes
461 342 630 381 jubilemus

233 390 338 428 Atque
364 388 522 421 Christum
547 390 723 428 adoremus,

229 436 288 474 Qui
310 435 454 475 Arigium
479 436 674 468 consecravit

233 481 276 513 Et
299 482 332 513 in
357 482 452 513 coelis
478 484 647 515 coronavit.

294 605 338 636 In
367 605 396 637 1.
424 604 647 638 Nocturno.

373 679 397 705 Λ
403 678 570 714 ntiphonae.

176 747 205 778 1.
234 746 439 778 Ooncelcbrat
465 747 597 778 ecclesia

230 794 333 833 Arigii
357 793 518 833 solemnia,

231 839 326 879 Cujus
350 841 443 872 beata
466 841 579 871 merita

231 886 300 918 Deo
324 886 499 926 probantur
523 887 651 926 placita.

168 953 198 983 150

228 953 293 984 Iste
317 953 374 984 sub
399 953 489 984 annis
514 953 631 984 teneris

227 998 394 1031 Docendus
423 999 513 1030 datus
537 999 638 1030 literis

229 1045 293 1077 Vas
316 1049 423 1086 aptum
447 1046 508 1077 Dei
533 1047 653 1086 gratiae

232 1092 330 1125 R÷vos
357 1093 464 1124 haurit
487 1093 655 1132 primitiae.

168 1159 199 1190 3.
226 1159 332 1190 Bonae
356 1158 423 1199 spei
448 1159 607 1200 puerulus,

227 1205 280 1236 Ad
305 1213 396 1236 omne
420 1205 534 1236 bonum
561 1206 699 1243 sedulus,

230 1252 338 1284 Crucis
363 1260 495 1291 sequens
521 1252 677 1291 supplicia

227 1297 421 1338 Contempsit
445 1299 554 1330 mundi
578 1298 702 1339 gaudia.

363 1384 568 1417 Responsoria.

174 1449 203 1480 1.
231 1448 381 1481 Cantibus
407 1449 595 1487 hymnidicis

273 1494 387 1527 festum
413 1496 578 1539 celebrate,
605 1496 725 1536 fideles,

229 1542 294 1580 Quo
319 1546 411 1582 pater
435 1543 562 1582 Arigius

273 1590 375 1621 victor
398 1590 545 1629 migravit
569 1591 610 1621 ad
637 1598 726 1621 arces

159 1635 196 1666 V.
224 1636 317 1667 Hace
357 1638 401 1668 est
440 1636 522 1674 (lies,
567 1645 664 1676 quam
700 1635 773 1676 feeit

227 1682 402 1721 Dominus,
430 1683 618 1715 ersulz‘emus
636 1685 664 1715 rt
678 1683 770 1714 laeta-

226 1738 302 1760 mur
323 1729 361 1761 in
386 1738 434 1762 ea.

165 1795 196 1828 2.
221 1794 291 1826 Jam
315 1795 438 1835 puerile
463 1796 556 1827 decus

270 1842 497 1873 transcendens
508 1843 648 1875 moribus
660 1852 769 1882 anuos,

225 1888 359 1920 Pectore
384 1889 471 1927 cujus
495 1889 578 1920 inest

268 1936 394 1975 placido
421 1936 521 1967 deitas
545 1936 727 1968 habitatrix.

152 1982 190 2014 V.
222 1982 245 2014 O
270 1991 414 2024 magnum
443 1992 574 2022 puerum

267 2029 443 2062 senioribus
468 2029 724 2062 anteferendum!

164 2096 194 2127 3.
220 2095 302 2127 Dum
330 2097 380 2128 vir
405 2095 514 2127 beatus
539 2096 682 2136 pluribus

223 2142 410 2175 Coruscaret
430 2143 607 2183 virtutibus,

219 2189 270 2221 Ex
297 2190 403 2222 (livino
427 2190 559 2230 imperio

215 2236 359 2268 Donatur
382 2236 553 2280 pontificio,

150 2285 189 2316 V.
219 2283 339 2324 Offerre
354 2284 424 2316 Deo
448 2284 615 2317 ‘incensum
633 2284 767 2325 chymera

218 2331 253 2363 in
280 2332 411 2364 odorem
435 2332 615 2365 suavitatis.

970 184 1016 215 In
1042 186 1062 216 2
1099 184 1327 217 Nocturno.

1051 249 1245 285 Antiphonae.

854 305 884 337 1.
910 305 1058 338 Nivernis
1083 308 1132 338 his
1158 307 1352 347 temporibus

910 352 1007 384 Vanis
1032 355 1185 386 ancillans
1211 354 1347 385 cultibus

911 398 1019 431 Crucis
1045 400 1162 433 Christi
1185 401 1338 440 mysteria

908 446 1046 478 Ridebat
1070 448 1136 480 veri
1161 448 1277 480 nescia.

875 527 882 534 .
909 502 1026 534 Contra
1050 504 1143 543 hujus
1167 503 1334 544 perfidiam

908 548 1042 581 Sanctus
1067 560 1179 590 gerens
1204 551 1360 590 militiam,
1398 558 1410 567 ⁴·

904 595 949 628 Ut
972 597 1062 636 signa
1087 597 1204 629 Christi
1222 599 1365 637 protulit,

907 642 997 674 Ritus
1020 643 1170 682 profanos
1197 646 1327 684 expulit.

849 700 881 731 3.
908 698 932 732 O
958 700 1038 731 mira
1062 700 1123 732 Dei
1148 701 1260 741 gratia,

906 746 930 776 Ο
956 747 1117 779 laudanda
1141 749 1292 790 potentia,

908 793 965 831 Qui
989 802 1049 833 per
1069 794 1195 827 fidelem
1222 794 1371 828 famulum

908 840 1042 872 Tantum
1069 842 1222 874 convertit
1246 844 1408 882 populum.

850 504 870 534 ΕΟ

1042 917 1246 952 Responsoria.

849 972 879 1005 1.
905 971 987 1004 Dum
1013 974 1180 1012 praedicat
1201 975 1342 1016 Arigius‚

905 1019 996 1053 Cedit
1021 1020 1148 1052 rebellis
1175 1021 1307 1053 Vernius

907 1065 960 1106 Et,
987 1076 1063 1106 quos
1089 1077 1177 1099 aima
1200 1069 1408 1107 nequiverant

905 1113 1051 1154 Domare,
1078 1115 1175 1146 verba
1192 1118 1351 1154 superant.

834 1160 870 1192 V.
903 1160 921 1190 (
922 1160 1030 1191 'unctis
1055 1164 1142 1200 patet
1168 1162 1330 1194 catholicis

903 1207 1011 1239 Virtus
1036 1209 1137 1239 sancti
1161 1207 1329 1248 pontificis,

846 1264 876 1295 2.
905 1261 948 1295 Ut
972 1263 1051 1294 bene
1076 1263 1232 1304 confligat,

949 1313 1075 1341 sanctus
1098 1320 1157 1342 sua.
1178 1311 1321 1343 membra
1336 1311 1453 1352 fatigat

903 1357 1040 1397 Orando‚
1064 1356 1180 1400 flendo,

946 1403 1067 1442 jejunia
1090 1405 1185 1445 longa
1207 1405 1371 1448 trahendo,

831 1451 870 1484 V.
901 1450 1003 1482 Nocte
1027 1452 1103 1491 vigil
1127 1455 1196 1484 tota

948 1498 1072 1529 solvens
1094 1498 1228 1531 Domino
1253 1499 1308 1538 pia
1334 1503 1414 1532 vota.

843 1555 875 1585 3.
901 1553 959 1586 Vir
982 1554 1116 1585 illustris
1139 1554 1269 1594 Aligius

900 1599 972 1632 Non
999 1601 1141 1633 cessabat
1165 1602 1316 1634 attentius

901 1646 996 1678 Verbi
1022 1647 1121 1679 (livini
1144 1648 1291 1688 pabulum

898 1693 1040 1733 Erogare
1064 1703 1121 1734 per
1145 1696 1306 1736 populum,

831 1741 867 1773 V.
897 1741 1042 1773 Prudens
1066 1751 1175 1774 servus
1202 1743 1320 1775 callens
1345 1745 1423 1777 dare

900 1787 1011 1820 Cibum
1035 1791 1193 1822 conservis
1220 1798 1365 1831 congrue.

962 1871 1006 1903 In
1033 1874 1063 1905 3.
1090 1873 1317 1908 Nocturno.

1040 1938 1234 1975 Antiphonae.

841 1994 870 2027 1.
897 1995 1039 2027 Antistes
1064 2006 1186 2038 pauper
1210 1999 1323 2039 opibus

897 2041 1053 2082 Spargcns
1080 2045 1177 2078 dabat
1200 2048 1403 2089 pauperibus,

895 2089 1054 2129 Quidquid
1079 2092 1197 2125 habere
1220 2097 1356 2136 poterat,

896 2136 985 2168 Sicut
1010 2138 1152 2172 Christus
1172 2146 1389 2182 praeceperat.

838 2193 869 2223 2.
896 2192 1062 2232 Complens
1086 2198 1269 2230 mandatum
1293 2199 1421 2232 Domini

895 2239 993 2279 Opem
1018 2243 1154 2282 negabat
1177 2246 1304 2286 nemini,

894 2287 1082 2327 Exemplum
1108 2291 1204 2323 dabat
1228 2294 1368 2325 moribus

893 2333 1005 2366 Omnia
1028 2335 1133 2369 factus
1157 2339 1311 2373 omnibus,
