1651 2588
720 127 761 131 -
816 106 977 142 130-

269 205 306 236 Ι11
331 203 424 235 astris
448 202 593 235 habitans

267 250 411 289 Respicit
436 249 474 281 de
499 250 610 281 throno

267 297 425 329 Humilem
450 297 607 327 servulum

265 344 308 375 Et
334 352 401 374 cum
426 343 621 382 principibus

266 391 406 423 Collocat
429 389 461 420 in
486 390 581 421 coelo.

233 472 240 479 .
263 446 409 477 Laudent
432 453 538 476 omnes
563 448 670 484 gentes

266 492 367 524 Deum
393 494 573 530 creatorem,

266 538 359 577 0113113
382 538 548 569 veritatem

264 587 435 616 Aeternum
459 593 637 615 mansuram

265 631 413 663 Nicolaus
437 633 591 662 monstrat

263 679 301 711 In
326 686 359 708 se
384 676 606 709 confirmatam.

385 769 432 796 Ad
453 769 629 805 Magnificat.

227 853 234 860 .
263 827 364 859 Adest
391 827 457 858 dies
484 827 625 869 celebris,

309 873 425 905 Laetus
451 878 480 905 et
504 874 697 915 praeclarus,

265 921 329 960 Quo
354 921 470 960 gaudet
494 930 561 952 cum
587 921 706 961 angelis

311 968 444 999 Sanctus
469 968 636 1010 Nicolaus3

265 1015 289 1046 Ο
315 1014 418 1045 suavis
443 1015 565 1052 cellula,

311 1060 395 1092 Mire
419 1061 620 1101 pigmentata,

268 1108 292 1140 Ο
319 1107 462 1138 coelestis
484 1108 648 1147 gemmula,

313 1153 399 1185 Luce
422 1154 556 1195 radiata,

267 1200 332 1232 Nos
356 1200 389 1231 in
412 1200 471 1230 hoo
497 1200 606 1232 exsilio

313 1245 433 1278 Refove
456 1248 624 1278 clamantes

264 1293 308 1324 Et
329 1293 439 1323 taetris
464 1294 606 1324 illumina

314 1339 465 1371 Tenebris
492 1342 642 1381 errantes,

266 1386 311 1418 Ut
336 1389 444 1417 nostra
464 1386 653 1426 praecordia

314 1431 518 1472 Magnificent
542 1433 643 1465 Deum

267 1479 311 1510 Et
329 1480 396 1519 Jugi
424 1480 591 1511 concordia

313 1526 483 1558 Exsultent
502 1527 534 1558 in
561 1535 639 1558 eum.

331 1649 392 1679 Ad
416 1647 677 1681 Matutinum.

401 1722 612 1749 Invitatorium.

272 1788 428 1820 Christum
453 1798 558 1829 regem
582 1789 757 1828 adoremus,

315 1833 534 1867 Confessorum
558 1836 742 1874 praemium,

266 1883 325 1921 Qui
348 1882 440 1913 beato
465 1883 596 1914 Nicolao

312 1929 378 1960 Dat
399 1937 538 1968 perenne
561 1930 717 1969 gaudium.

328 2060 374 2091 1n
400 2060 428 2092 1.
456 2059 683 2093 Nocturno.

410 2134 602 2171 Antiphonae.

232 2227 240 2232 .
265 2201 436 2240 Tamquam
460 2201 577 2242 lignum
601 2202 778 2241 plantatum

264 2249 317 2279 Ad
343 2257 490 2288 aquarum
517 2249 680 2280 decursum

266 2294 415 2326 Nicolaus
439 2295 529 2327 affert
555 2295 690 2327 fructum

267 2342 361 2375 Suum
385 2345 630 2381 temporaneum.

885 203 915 233 2.
942 200 991 231 Pii
1014 200 1116 239 patris
1143 199 1342 239 disciplinam

871 2203 910 2235 V.

940 247 1041 279 Filius
1066 247 1278 287 amplectitur,

940 293 1086 325 Divinam
1112 294 1232 326 evitans
1255 294 1346 331 iram,

941 340 1008 378 Qua
1031 341 1184 380 superbus
1209 340 1370 379 plectitur.

905 420 913 428 .
938 396 1001 427 Hic
1024 397 1056 427 in
1082 405 1117 428 se
1140 396 1369 435 insurgentium

940 442 1076 481 Superat
1100 444 1163 474 vim
1187 444 1382 481 daemonum,

939 489 1023 520 Dum
1048 490 1185 521 clamore
1208 490 1316 528 pulsat
1339 488 1453 528 Deum,

940 536 1127 574 Adjutorem
1153 537 1322 568 hominum.

1078 629 1284 664 Responsoria.

907 711 915 718 .
940 686 1043 725 Η113113
1068 686 1152 717 servi
1176 686 1311 718 Domino

988 733 1091 765 devoti
1116 736 1264 772 parentes

941 780 1066 811 Nicolai
1089 781 1245 819 praesulis

985 827 1096 858 limina
1119 828 1266 869 visentes,

942 874 980 906 In
1005 875 1072 913 ejus
1095 874 1228 906 basilica

989 924 1061 952 vota
1083 922 1310 960 persolventes,

940 967 1057 999 Divina
1081 968 1255 1007 suscipiunt

986 1023 1117 1045 munera
1141 1015 1332 1056 gaudentes3

938 1060 1019 1092 Nam
1046 1061 1094 1091 his
1117 1064 1243 1092 sanctus
1267 1059 1411 1100 pontifex

985 1108 1121 1147 spondet
1143 1108 1336 1139 nasciturum

941 1154 1106 1186 Nicolaum
1131 1153 1240 1196 filium,

986 1201 1112 1232 beatum
1136 1199 1286 1233 futurum.

907 1283 913 1289 .
941 1257 1080 1296 Corpore
1100 1257 1297 1298 juvenculus,

987 1306 1091 1334 mente
1114 1305 1217 1335 m'tens
1244 1313 1331 1346 cana,

939 1350 1084 1390 Despicit
1109 1350 1170 1382 hoc
1194 1352 1353 1383 saeculum

988 1400 1081 1437 atque
1107 1400 1220 1429 cuncta
1242 1407 1325 1430 vana

943 1443 1142 1484 Suscipitque
1165 1445 1305 1484 regulam

987 1492 1088 1530 patris
1110 1492 1280 1531 Augustini

940 1537 984 1568 Et
1007 1536 1121 1577 flagrat
1144 1538 1299 1570 incendiis

986 1585 1102 1615 amoris
1129 1585 1235 1623 divini,

942 1631 1064 1663 Crescit
1089 1631 1338 1671 charismatibus,

986 1678 1059 1708 dum
1085 1678 1198 1708 crescit
1221 1680 1335 1718 aetate,

941 1724 1056 1755 Sancta
1078 1725 1158 1763 tegit
1182 1733 1278 1763 opera

987 1770 1043 1801 sub
1068 1771 1254 1803 humilitate.

943 1826 1053 1858 Carnis
1077 1827 1285 1866 petulantiam

985 1874 1034 1904 vir
1057 1873 1118 1905 Dei
1144 1875 1286 1914 castigat,

940 1920 1008 1952 Sibi
1032 1929 1154 1960 quoque
1173 1922 1315 1961 moritur,

987 1970 1022 1998 ut
1041 1968 1107 2006 J'am
1133 1967 1257 2000 Christo
1281 1969 1377 2012 vivat,

939 2015 1094 2046 Animalis
1119 2015 1253 2046 hominis

986 2062 1055 2093 odit
1077 2064 1264 2094 vetustatem

938 2108 983 2139 Et
1005 2111 1146 2141 sanctam
1169 2110 1370 2150 amplectitur

986 2156 1071 2187 vitae
1094 2157 1275 2189 novitatem.

941 2202 1016 2234 Ovis
1041 2206 1135 2243 atque
1159 2204 1305 2236 carnibus

987 2250 1083 2281 edens
1104 2251 1209 2290 privat
1232 2254 1356 2291 gustum

938 2296 983 2328 Et
1003 2297 1149 2336 jejunans
1174 2299 1318 2338 graditur

984 2352 1043 2383 per
1061 2345 1123 2376 iter
1144 2350 1320 2386 angustum.
