1651 2588
733 90 990 124 -240-

667 190 708 223 91.
747 192 791 223 De
811 191 917 222 sancto
938 191 1055 222 Sulino.

349 270 394 302 In
422 271 452 303 1.
477 271 693 309 vesperis.

213 355 252 386 R.
284 354 353 386 Non
380 364 457 387 onus
483 359 531 387 est
553 356 609 387 sed
636 356 735 387 honor

330 402 442 433 summi
466 403 515 434 vir
540 401 676 434 honorus
694 401 830 441 honoriS,

284 448 336 480 Sic
359 449 530 481 inhonorus
555 448 644 481 homo

331 505 391 527 non
417 495 516 527 honor
538 499 586 527 est
609 497 665 528 sed
690 504 784 536 onus3

283 542 346 574 Hic
371 546 403 574 et
425 542 553 574 honoris
578 552 655 575 onus

330 591 496 629 onerisque
527 590 650 629 recepit
674 590 832 628 honorem,

213 637 252 669 V.
282 636 374 668 Nunc
398 638 430 668 in
455 637 573 669 honore
595 645 724 668 manens

329 684 431 715 nescit
454 683 581 716 honoris
607 692 693 715 onus.

474 786 576 814 Prosa.

284 852 378 884 Hunc
402 851 580 885 Gimmarus
605 853 749 885 evocavit

331 899 380 931 De
404 900 512 932 mundi
536 900 684 942 ludibrio,

284 946 457 979 Evocatum
483 947 630 978 educavit

332 993 484 1033 Diligenti
509 993 624 1033 studio,

286 1039 508 1071 Consecratum
534 1040 763 1072 commendavit

331 1086 446 1118 Sancta
472 1087 677 1127 conversatio,

284 1133 378 1165 Hunc
402 1132 551 1164 virtutum
578 1132 750 1164 declaravit

331 1179 493 1219 Frequens
519 1179 679 1212 exhibitio.

283 1226 362 1265 Ejus
382 1228 474 1265 pater
497 1235 554 1257 rex
580 1226 708 1258 donavit

332 1273 461 1305 Terram
487 1273 686 1313 monasterio,

283 1319 379 1357 Quam
405 1320 563 1358 sequendo
588 1320 770 1361 peragravit

333 1366 488 1398 Gravatus
513 1374 571 1405 pro
593 1365 667 1397 filio.

284 1414 400 1446 Frater
424 1413 500 1455 ejm,
528 1414 601 1444 dum
625 1414 768 1454 regnavit

332 1459 433 1492 Sulini
459 1459 597 1498 consilio,

287 1506 428 1545 Regnum
449 1505 530 1537 bene
553 1505 741 1545 gubernavit

331 1553 375 1584 Et
399 1553 465 1593 ejus
489 1552 616 1586 auxilio.

285 1598 348 1631 Sed
374 1599 498 1631 Sulinus
524 1600 687 1638 exsulavit,

332 1646 382 1677 De
406 1646 493 1684 cujus
518 1646 629 1678 exsilio

288 1692 491 1724 Gratulanter
515 1693 684 1724 exsultavit

333 1739 491 1771 Alotensis
516 1739 612 1779 regio,

287 1786 504 1818 Redonensem
531 1787 691 1819 decoravit

333 1833 412 1872 Ejus
438 1833 603 1872 depositio.

404 1935 450 1963 Ad
472 1935 648 1972 Magnificat.

215 2007 257 2038 A.
285 2007 421 2039 Vocibus
446 2007 605 2040 almisonis

328 2056 360 2084 et
384 2054 530 2086 cordibus
555 2055 596 2086 ad
620 2054 704 2086 bona
726 2055 834 2093 pronis

286 2099 434 2133 Exsultet
459 2101 608 2142 RedoniS,

333 2147 419 2180 Urbs
444 2147 535 2190 bona,
561 2148 657 2187 plena
681 2148 780 2181 bonis.

287 2193 380 2225 Tanti
405 2196 524 2227 laetare

332 2242 432 2279 patris
457 2240 571 2273 festum
596 2242 766 2283 celebrare,

285 2286 354 2319 Nec
379 2288 551 2328 dedignare

334 2336 473 2367 carmina
496 2336 582 2368 mille
608 2336 694 2368 dare.

1028 269 1088 301 Ad
1111 269 1374 301 Matutinum.

1090 344 1303 371 Invitatorium.

961 405 1086 437 Christo
1113 406 1278 443 concinite,

1007 452 1166 486 Christum
1191 453 1323 484 laudare
1347 453 1462 493 venite,

960 499 1020 537 Qui
1044 499 1133 531 dedit
1158 499 1308 531 eremitae

1006 546 1115 578 Sulino
1139 546 1256 587 gaudia
1279 547 1372 579 vitae.

1021 689 1068 720 In
1094 688 1123 720 1.
1151 688 1377 720 Nocturno.

1100 765 1296 802 Antiphonae.

924 860 931 866 .
958 834 1084 866 Sulinus
1109 843 1216 873 regum

1008 881 1093 912 claro
1120 882 1160 912 de
1183 881 1334 921 sanguine
1359 882 1472 921 clarus,

957 927 1101 960 Moribus
1127 931 1158 959 et
1183 928 1249 959 vita

1006 974 1121 1006 clarior
1145 975 1214 1014 ipse
1238 973 1308 1005 fuit.

924 1055 930 1061 .
958 1029 1126 1062 Colludens
1150 1030 1280 1069 paribus

1004 1084 1101 1116 purus
1126 1085 1205 1116 puer
1229 1079 1264 1108 ut
1287 1085 1456 1116 puerorum

956 1124 1062 1156 Venia
1087 1124 1228 1163 colludit,

1006 1170 1121 1202 desinit
1146 1179 1215 1202 esse
1238 1179 1326 1209 puer.

904 1247 934 1259 ι.
961 1226 1042 1257 Nam
1066 1234 1146 1265 puer
1170 1227 1225 1257 ille
1248 1227 1331 1258 senis

1005 1273 1155 1305 mandata
1179 1281 1348 1313 senemque
1371 1277 1497 1306 secutus

958 1320 1107 1352 Deseruit
1129 1328 1243 1359 pueros

1005 1370 1037 1398 et
1061 1367 1184 1407 puerile
1208 1365 1322 1401 forum.

1097 1463 1302 1498 Responsoria.

927 1554 934 1560 .
959 1528 1010 1559 De
1033 1532 1125 1569 patre
1149 1538 1224 1570 rege
1248 1532 1344 1571 satus,

1005 1577 1088 1615 regis
1113 1577 1249 1608 nutritus
1274 1577 1307 1608 in
1331 1577 1413 1617 aula,

959 1622 1091 1663 Regales
1117 1623 1225 1662 epulas

1002 1670 1105 1709 regius
1129 1669 1185 1700 ille
1207 1678 1286 1709 puer

959 1716 1020 1747 Pro
1046 1716 1170 1749 Christo
1195 1716 1286 1748 nihili

1005 1762 1146 1801 pendens
1153 1763 1373 1805 Christumque
1385 1769 1510 1798 secutus

959 1809 1109 1841 Deseruit
1131 1811 1268 1849 patriam

1007 1856 1206 1897 deseruitque
1229 1861 1363 1899 patrem,

891 1903 928 1934 V.
954 1902 1004 1935 De
1027 1912 1146 1935 summo
1170 1904 1274 1936 factus

1006 1950 1141 1991 humilis,
1170 1952 1210 1983 de
1235 1952 1333 1985 divite
1357 1963 1488 1994 pauper.

905 2008 935 2040 2.
961 2006 1054 2038 Hunc
1078 2007 1211 2047 periisse
1234 2014 1322 2041 ratus

1007 2054 1110 2086 subito
1136 2056 1242 2087 multis
1269 2058 1433 2090 comitatus

960 2100 1028 2132 Rex
1052 2104 1142 2141 pater
1167 2103 1265 2135 iratus

1009 2149 1143 2189 cingitur
1168 2158 1242 2181 ense
1266 2151 1359 2192 latus,

962 2193 1128 2228 Festinans
1153 2201 1315 2238 properat,

1008 2244 1043 2273 ut
1075 2252 1143 2274 eum
1168 2253 1226 2283 per
1252 2245 1344 2279 devia
1369 2248 1509 2286 quaerat,

892 2288 930 2320 V.
961 2288 1019 2327 Qui
1043 2299 1115 2329 non,
1139 2293 1175 2321 ut
1199 2295 1317 2331 sperat,

1009 2336 1216 2370 inveniendus
1241 2341 1318 2371 erat.
