1650 2587
687 86 922 121 *70-

231 181 295 214 Ubi
319 182 435 221 gaudet
459 182 598 221 quotidie

234 228 308 261 Cum
333 237 407 267 rege
428 229 557 269 gloriae.

163 276 200 307 V.
230 275 346 307 Sancta
369 274 460 307 Fidis
484 275 589 308 anima

233 323 311 354 Post
336 321 414 353 dura
439 322 609 353 certamina

229 368 414 401 Paradisum
438 368 577 400 intravit.

290 480 339 512 In
365 481 396 514 3.
422 480 648 512 Nocturno.

374 554 419 581 Ad
439 554 567 581 Cantica.

163 621 203 653 A.
239 620 369 652 Cantica
392 620 532 651 laetitiae

232 667 441 698 Decantemus
466 666 561 698 hodie

232 713 285 744 Ad
311 713 459 745 honorem
485 712 625 752 virginis,

233 759 367 791 Sanctae
390 760 481 793 Fidis
504 758 664 799 martyris,

233 806 318 845 Quae
341 809 470 846 propter
495 805 678 845 martyrium

232 852 339 884 Habet
363 852 423 885 Dei
447 853 631 892 praemium.

367 927 492 963 Respom
501 928 570 955 oria.

177 986 208 1018 1.
235 985 258 1017 O
284 983 341 1016 flos
366 985 457 1017 vallis
482 984 655 1024 virginalis,

279 1031 395 1063 Lilium
416 1031 598 1073 munditiae,

232 1079 318 1110 Rosa
341 1079 491 1118 temporis
515 1077 661 1117 vernalis,

280 1125 415 1156 Fructus
438 1124 620 1164 patientiae,

232 1171 340 1210 Fides,
367 1180 482 1203 corona
505 1171 619 1211 regalis

282 1217 398 1250 Christi
422 1218 505 1257 regis
526 1217 664 1258 gloriae:

162 1265 199 1298 V.
229 1266 326 1304 Virgo
350 1264 460 1302 Fides,
482 1267 603 1303 martyr
629 1263 756 1304 Christi,

281 1310 437 1342 Gaudium
461 1311 602 1343 laetitiae

278 1357 323 1389 Et
347 1359 491 1390 coelestis
515 1358 647 1397 patriae.

176 1416 208 1447 2.
231 1413 323 1445 Felix
347 1413 445 1445 Fides
470 1414 676 1452 sanctissima,

235 1461 259 1492 O
285 1460 373 1499 virgo
398 1461 586 1502 beatissima,

235 1508 321 1546 Quae
346 1508 425 1539 coeli
449 1508 566 1548 gaudes
593 1508 679 1538 curia

234 1555 322 1586 Inter
345 1558 523 1586 sanctorum
548 1554 680 1596 agmina,

166 1601 203 1634 V.
234 1601 297 1633 Ora
321 1609 378 1639 pro
402 1601 492 1632 nobis
514 1601 642 1640 jugiter,

234 1647 279 1679 Ut
303 1647 460 1679 salvemur
483 1647 672 1686 perenniter.

178 1705 208 1736 3.
236 1703 260 1735 O
286 1703 380 1733 beata
403 1712 519 1742 sponsa
545 1702 672 1742 Christi,

281 1749 377 1789 Virgo
405 1750 596 1789 beatissima,

236 1798 321 1836 Quae
345 1796 412 1828 Deo
437 1800 529 1836 grata
553 1795 650 1836 fuisti,

284 1843 380 1883 Virgo
404 1843 659 1882 prudentissima,

236 1889 367 1929 Suscipe
387 1891 452 1929 J'am
480 1890 661 1921 devotorum

280 1937 418 1968 Tuorum
442 1936 641 1977 precamina3

165 1983 208 2016 V.
240 1984 336 2024 Virgo
363 1983 463 2015 duleis
489 1986 521 2015 et
546 1984 660 2015 deeora

237 2031 300 2062 Pro
325 2030 416 2063 nobis
441 2030 542 2062 Deum
565 2039 670 2062 exora.

181 2089 212 2120 4.
238 2086 344 2118 Hodie
367 2086 461 2119 beata
483 2086 582 2118 Fides

282 2133 434 2173 Migravit
458 2134 500 2165 ad
524 2133 703 2172 Dominum,

237 2181 292 2214 Ut.
306 2183 443 2212 testatur
465 2181 528 2212 ista
554 2180 631 2222 dies,

286 2227 439 2259 Sustinuit
464 2227 660 2267 martyrium,

237 2274 332 2307 Unde
358 2274 451 2306 datur
475 2274 536 2306 sibi
560 2275 647 2315 quies

282 2321 327 2353 Et
349 2330 496 2362 magnum
519 2322 685 2363 solatium;

838 181 875 215 V.
907 182 1042 221 Propter
1067 182 1160 215 fidem
1184 183 1361 221 salvatoris,

907 228 981 260 Jesu
1008 229 1123 261 Christi
1147 229 1367 268 redemptoris,

952 276 1101 308 Pervenit
1124 277 1164 309 ad
1190 276 1348 316 gaudium.

993 387 1010 419 I
1020 397 1040 418 n
1064 389 1092 420 L
1101 398 1147 420 au
1158 389 1178 421 d
1187 389 1199 419 i
1208 388 1227 419 b
1239 397 1260 419 u
1269 396 1295 421 S.

1016 460 1109 496 Super
1129 462 1269 489 Psalmos.

834 518 875 550 A.
905 517 1058 549 Dominus
1082 519 1235 561 regnavit,

906 564 1001 602 Quem
1025 565 1126 597 Fides
1148 565 1309 604 laudavitq

904 610 1079 643 Laudando
1102 612 1266 644 laudemus

905 656 1007 688 Deum
1032 660 1064 689 et
1088 666 1237 691 amemuS.

1026 730 1072 758 Ad
1091 731 1274 759 Benedictus.

869 813 875 819 .
907 788 1013 820 Hodie
1037 787 1131 820 beata
1153 788 1251 819 Fides

951 835 1105 875 Migravit
1129 836 1169 867 ad
1194 834 1373 873 Dominum,

906 881 1012 914 Hodie
1036 882 1153 921 gaudet
1175 882 1208 912 in
1235 881 1330 912 caelis

953 928 1073 960 Sistens
1098 932 1173 960 ante
1196 927 1377 966 Dominum,

908 976 1003 1008 Unde
1024 974 1111 1007 Deus
1137 976 1334 1007 collaudatur

953 1022 1046 1053 Nune
1070 1025 1102 1054 et.
1123 1022 1157 1053 in
1181 1023 1378 1061 perpetuum.

883 1144 943 1175 Ad
968 1144 1103 1176 Horas
1127 1142 1258 1182 Antip
1271 1143 1413 1176 honae.

1047 1217 1093 1244 Ad
1111 1217 1246 1244 Primam.

837 1275 875 1307 A.
904 1275 957 1307 Ad
984 1273 1120 1306 Primam
1144 1274 1257 1306 Fidem
1283 1273 1447 1306 laudemus

955 1320 1124 1352 Cantantes
1149 1319 1297 1361 officium,

910 1368 1004 1406 Cujus
1029 1366 1144 1399 festum
1168 1367 1360 1398 celebremus

954 1414 1095 1453 Ejusque
1117 1414 1313 1454 martyrium,

909 1461 955 1494 Ut
980 1469 1049 1492 eum
1074 1461 1190 1493 sanctis
1216 1461 1407 1493 exsultemus

955 1508 994 1539 In
1019 1507 1113 1540 choro
1138 1508 1343 1542 laudantium,

1048 1581 1093 1608 Ad
1113 1582 1252 1609 Tertiam.

872 1663 879 1669 .
910 1638 948 1670 In
972 1637 1089 1670 Tertiis
1116 1639 1316 1670 decantemus

910 1684 1003 1716 Nunc
1026 1688 1155 1717 sanctae
1180 1689 1212 1717 et
1236 1686 1425 1719 exsultemus

910 1731 961 1769 Ei,
987 1731 1040 1771 qui
1064 1733 1164 1773 legem
1188 1733 1302 1775 posuit,

913 1778 1047 1810 Peccata
1068 1782 1177 1812 nostra
1202 1780 1304 1813 diluit.

1056 1854 1103 1881 Ad
1122 1854 1248 1882 Sextam.

910 1911 948 1942 In
972 1910 1069 1942 Sexta
1091 1914 1205 1950 potens
1228 1912 1378 1944 laudetur

910 1957 954 1988 Et
977 1957 1071 1990 beata
1095 1959 1282 1999 celebretur,

912 2004 1065 2043 ChristuS,
1090 2006 1143 2045 qui
1159 2015 1317 2046 nunquam
1336 2006 1463 2049 defecit,

912 2051 1041 2082 Beatam
1065 2052 1180 2085 Fidem
1206 2054 1311 2093 elegit.

1059 2127 1105 2154 Ad
1125 2127 1248 2155 Nonam.

876 2207 882 2214 .
912 2183 950 2214 In
976 2182 1068 2215 Nona
1091 2193 1198 2216 rerum
1222 2185 1358 2216 omnium

912 2229 1092 2263 Laudemus
1110 2231 1268 2264 Christum
1285 2232 1464 2277 Dominum,

912 2276 982 2315 Qui„
995 2275 1072 2309 feeit
1094 2278 1263 2319 mirabilia,

912 2322 977 2354 Det
1000 2323 1091 2357 nobis
1118 2325 1274 2358 coelestia.
