1650 2587
708 102 944 138 —31—

180 199 210 230 2.
238 197 361 230 Fremit
381 197 531 230 frendens
556 198 729 242 Decianus,

239 244 388 277 Sanctum
412 247 585 286 martyrem
610 245 762 285 profanus

284 292 438 324 Membris
463 293 560 324 sectis
585 292 694 325 laniat.

182 349 212 381 3.
241 347 412 388 Susceptor
436 357 534 389 meus,
560 348 705 390 Domine,

238 394 287 426 Tu
311 404 354 436 es,
379 404 439 435 pro
464 396 552 435 cnjus
577 396 703 427 nomine

282 442 391 474 Patior
415 440 484 474 fuso
510 442 671 483 sanguine.

375 517 582 553 Responsoria.

181 574 209 606 1.
236 573 391 607 Miremur
416 575 635 607 admirabilem

237 621 276 653 In
300 622 418 654 sanctis
443 623 508 654 suis
533 622 675 655 omnibus

239 667 353 710 Deum,
381 669 624 702 desiderabilem

238 716 276 747 In
303 716 424 749 cunctis
446 719 552 749 terrae
576 716 702 758 finibus,

244 762 465 796 Collaudemus
488 763 683 797 laudabilem

242 811 280 842 In
304 811 435 851 singulis
460 810 620 852 operibus,

237 856 427 898 Gloriosum,
455 859 622 890 amabilem

242 904 408 937 Universis
433 903 591 947 fidelibus,

171 951 206 984 V.
238 951 334 991 Cujus
360 951 514 991 superbos
540 952 648 991 dejicit

288 998 444 1040 Potentia,

242 1044 346 1077 Corda
370 1046 505 1085 benigne
529 1046 661 1085 respicit

285 1092 435 1125 Humilia.

181 1150 213 1181 2.
238 1148 323 1180 Dum
346 1151 497 1190 regnaret
520 1150 690 1190 Dacianus,

243 1196 422 1237 Sacrilegus
448 1199 479 1227 et
503 1195 665 1237 profanus,

241 1242 358 1275 Christi
381 1251 494 1275 nomen
520 1252 645 1276 exosum
671 1244 791 1286 habuit,

241 1289 300 1322 Dis
327 1291 481 1322 culturam
507 1300 619 1323 vanam
641 1292 793 1332 exhibuit,

239 1337 294 1369 Ad
317 1340 475 1369 tormenta
495 1337 606 1370 fideles
631 1340 746 1378 rapuit.

171 1385 208 1417 V.
243 1383 396 1425 Georgius
421 1384 532 1416 videns
556 1384 709 1424 ingemuit

241 1431 285 1462 Et
309 1434 444 1472 tyranno
470 1440 539 1463 sese
564 1433 721 1471 opposuit.

183 1489 213 1520 3.
242 1487 387 1528 Sapienti
410 1496 485 1519 usus
511 1488 650 1528 consilio,

238 1534 290 1567 Ne
314 1534 458 1567 retardet
484 1543 589 1568 rerum
612 1537 745 1567 retentio

238 1581 304 1614 Iter
329 1583 369 1613 ad
392 1581 571 1620 Dominum,

236 1630 359 1660 Aurum
384 1637 446 1660 non
472 1629 640 1670 modicum,

239 1676 328 1715 Quod
355 1675 476 1718 habuit,
504 1676 608 1717 egenis
633 1677 753 1717 tribuit,

237 1723 284 1755 Ut
308 1725 414 1756 currat
440 1723 619 1764 expeditius

233 1770 277 1802 Et
302 1771 400 1802 tutius

284 1818 338 1850 Ad
364 1819 487 1857 patrem
512 1817 682 1858 luminum3

164 1866 203 1900 V.
231 1865 308 1897 Mox
334 1866 423 1897 vultu
446 1865 593 1897 interrito

281 1913 464 1952 Tyrannum
487 1912 637 1955 intuetur,

234 1959 362 1992 Timore
387 1959 531 1999 deposito

283 2007 442 2039 Christum
471 2006 645 2039 confitetur.

299 2102 346 2133 In
368 2103 399 2135 2.
426 2100 657 2133 Nocturno.

381 2166 575 2202 Antiphonae.

175 2226 204 2258 1.
232 2225 437 2258 Invocantem
463 2223 626 2257 exaudivit

280 2272 431 2305 Sanctum
456 2281 546 2304 suum
571 2271 734 2313 Dominus,

230 2320 332 2353 Hoste
357 2321 441 2353 victo
468 2320 533 2353 vita
557 2319 646 2359 vivit,

279 2368 374 2409 Cujus
399 2376 462 2401 non
489 2371 537 2400 est
561 2368 720 2400 terminus.

215 2429 339 2456 Droven,
355 2426 477 2451 Historiae
490 2426 646 2460 rhythmicae.
667 2427 711 2450 111.

862 201 893 232 2.
921 199 1027 231 Verba
1050 207 1120 230 mea
1144 198 1275 238 percipe
1301 197 1429 230 auribus

969 246 1123 284 Clamosa,

920 293 1049 335 Frangi,
1074 291 1170 333 Deus,
1196 292 1347 332 praecipe
1372 291 1460 323 idola

967 339 1083 372 Exosa.

864 416 893 447 3.
921 414 945 446 O
972 422 1064 453 quam
1088 413 1277 446 admirabile

966 461 1089 493 Nomen
1114 464 1211 502 tuum,
1237 460 1381 500 Domine,

921 507 980 546 Qui
1005 506 1177 549 confringis
1201 508 1358 547 sculptile,

968 555 1058 595 Quod
1083 558 1132 587 est
1155 556 1224 587 sine
1247 555 1384 587 numine.

1061 677 1267 713 Responsoria.

865 755 895 788 1.
924 754 1047 786 Clamat
1070 754 1178 787 miles:
1206 754 1288 793 Quid
1312 753 1447 795 profane

921 801 975 833 Sic
997 802 1117 834 insanis
1142 801 1294 841 Daciane,

923 848 967 881 Ut
990 850 1163 881 adorentur
1186 847 1297 881 idola?

919 895 987 935 Ego
1013 904 1080 928 sum
1106 895 1305 936 christicola,

921 942 1024 974 Deum
1047 951 1153 983 unum,
1182 950 1291 975 verum
1317 944 1394 983 colo,

971 990 1029 1028 Qui
1056 990 1175 1022 creavit
1198 990 1320 1033 omnia3

923 1037 1007 1069 Huic
1031 1035 1145 1069 offerre
1167 1036 1241 1076 puri
1269 1038 1336 1069 volo

970 1082 1082 1116 Cordis
1107 1082 1281 1123 sacrificia3

851 1130 889 1163 V.
919 1130 987 1170 Ipsi
1011 1130 1071 1162 soli
1093 1131 1207 1173 servio⁷

921 1178 984 1209 Pro
1009 1185 1069 1217 quo
1092 1177 1270 1216 persecutio

969 1224 1077 1256 Saevit
1100 1224 1133 1255 in
1160 1224 1303 1257 ecclesia.

864 1301 897 1331 2.
923 1299 979 1331 Dii
1001 1300 1049 1330 tui
1072 1301 1146 1330 sunt
1169 1307 1243 1331 vere
1269 1300 1444 1343 daemonia,

922 1347 1055 1379 Inimica
1078 1345 1213 1378 humano
1238 1348 1356 1387 generi,

923 1393 1098 1425 Simulacra
1122 1401 1214 1424 sensu
1241 1395 1390 1432 carentia,

918 1441 1018 1483 Muta,
1044 1439 1142 1472 surda
1159 1440 1269 1479 jubeto
1295 1442 1425 1482 conteri,

920 1487 1052 1519 Nullum
1075 1495 1189 1518 numen
1213 1488 1319 1520 inesse
1338 1488 1427 1529 operi

966 1535 1069 1567 Crede
1092 1534 1289 1573 mortalium3

920 1581 1024 1621 Supra
1038 1589 1095 1613 nos
1113 1583 1170 1621 est,
1187 1581 1221 1613 in
1237 1581 1328 1613 nobis
1339 1582 1473 1624 habitat,

919 1629 979 1667 Qui
1002 1637 1075 1660 suos
1094 1628 1204 1659 visitat

967 1676 1100 1709 Creator
1124 1675 1272 1708 omnium.

848 1723 886 1756 V.
918 1723 1011 1755 Hunc
1035 1722 1135 1755 adora
1159 1725 1191 1754 et
1213 1721 1344 1765 honora,

917 1771 1027 1810 Ipsum
1051 1778 1131 1809 ama,
1157 1770 1261 1809 ipsum
1285 1771 1371 1816 time,

920 1817 954 1850 Si
980 1818 1028 1850 vis
1054 1817 1190 1850 salutem
1214 1817 1347 1852 animae.

861 1896 892 1927 3.
918 1894 971 1925 Ad
996 1894 1076 1926 haec
1100 1894 1199 1926 verba
1222 1892 1260 1925 fit
1282 1894 1413 1928 insanus

919 1940 987 1972 Nec
1010 1950 1044 1973 se
1070 1941 1155 1980 capit
1178 1941 1339 1974 Dacianus

964 1988 1047 2020 Prae
1073 1988 1179 2020 cordis
1203 1989 1337 2030 insania,

915 2033 1131 2067 Inflammatus
1157 2038 1206 2068 est
1229 2033 1337 2068 furore

913 2082 982 2114 Nec
1006 2082 1129 2115 recedit
1153 2081 1195 2114 ab
1220 2090 1336 2126 errore,

915 2130 998 2162 Nam
1022 2130 1126 2162 Deum
1149 2133 1409 2169 persequentium

917 2177 1070 2210 Crescens
1095 2185 1221 2217 semper
1246 2178 1288 2210 ad
1311 2180 1419 2213 odium

961 2225 1119 2257 Ascendit
1144 2224 1304 2265 superbia.

845 2272 881 2304 V.
912 2272 966 2305 Ad
992 2271 1148 2313 exquisita
1172 2271 1305 2315 rapitur,

916 2320 1106 2352 Extrahitur
1129 2319 1268 2351 velocius

917 2366 1070 2408 Georgius
1094 2366 1258 2408 supplicia.

1284 2421 1300 2450 6
