1650 2587
726 77 961 106 -59—

353 166 368 197 I
376 176 397 197 n
422 166 449 198 L
459 176 478 198 a
486 176 507 198 u
519 166 588 197 dib
597 175 616 197 u
625 175 650 199 S.

399 238 595 275 Antiphonae.

205 307 235 340 1.
263 307 434 346 Postquam
459 308 508 337 est
530 306 692 346 ingressus
719 315 812 346 cryp-

309 400 508 432 venerandus
532 355 712 439 prgsvbngrteig

262 447 382 486 Corpus
408 446 571 487 proprium
595 448 734 478 tractare

308 493 413 533 coepit
437 494 514 525 satis
541 493 674 525 duriter.

205 552 234 582 2.
260 550 371 582 Victus
397 549 465 589 ejus
488 549 617 590 herbae,
643 550 737 581 radix

306 599 338 628 et
361 605 452 639 aqua,
479 598 553 637 post
577 597 717 629 triduum

260 644 345 676 Raro
371 645 463 683 panis
488 643 671 676 sumebatur

306 691 346 723 ob
371 691 510 723 solemne
536 691 694 731 gaudium.

203 751 234 782 3.
262 747 425 781 Urebatur
449 750 560 780 sancta
585 756 659 779 caro

306 803 419 834 aspero
445 795 558 835 cilicio,

259 842 338 874 Acsi
361 842 461 874 multa
484 842 646 882 punienda

309 891 528 929 perpetrasset
551 889 674 921 sedulo.

201 948 233 979 4.
261 946 374 977 Totam
399 943 468 977 fere
491 947 616 976 noctem
641 953 734 976 orans

308 992 444 1024 ducebat
466 992 653 1032 pervigilem

261 1040 385 1079 Vixque
409 1039 566 1071 modicam
590 1039 714 1078 soporis

307 1086 498 1119 admittebat
521 1086 672 1126 requiem.

884 168 916 199 5.
941 165 994 198 Ad
1021 165 1217 205 decrepitam
1241 168 1378 197 aetatem

991 221 1090 251 usque
1116 213 1196 244 vixit
1222 213 1338 252 taliter,

941 260 979 292 In
1003 268 1064 298 qua
1088 259 1186 291 vitam
1212 259 1414 291 commutavit

987 306 1093 337 Febre
1117 309 1221 338 tactus
1246 306 1370 338 leviter.

1052 397 1098 425 Ad
1117 398 1284 426 Benedictu=
1290 407 1301 424 ι,

869 464 908 496 A.
935 464 1019 496 Huic
1042 468 1151 498 sancto
1175 465 1323 497 morienti

989 520 1099 551 agmen
1126 512 1206 544 coeli
1230 511 1335 544 adfuit

941 558 1150 599 Animamque
1176 559 1267 591 duxit
1290 559 1356 598 eJus

988 614 1057 637 cum
1081 606 1207 648 hymnis
1232 608 1264 638 et
1288 606 1430 638 canticis.

1006 757 1051 789 In
1078 758 1109 790 2.
1135 757 1242 796 Vesp
1254 757 1350 790 eris,

1063 840 1108 868 Ad
1127 841 1158 867 M
1162 840 1307 877 agnificat.

867 917 908 949 A.
935 916 1073 956 Cumque
1099 926 1212 957 corpus
1237 917 1304 956 ejus
1330 919 1414 948 esset

984 963 1165 1003 sepulturae
1191 964 1354 1002 traditum,

938 1010 1139 1049 Receperunt
1162 1011 1230 1042 illic
1253 1010 1345 1041 multi

985 1057 1153 1089 sanitatem
1179 1066 1355 1097 corporum.

266 1162 350 1188 Brev.
364 1160 393 1188 S.
406 1161 561 1188 Trinitatis
574 1159 765 1187 Vindocinen.
785 1160 853 1195 imp.
867 1158 1025 1187 Vindocini
1046 1156 1127 1186 1514.
1148 1173 1185 1178 —
1204 1159 1240 1186 In
1255 1159 1338 1194 jeder
1353 1159 1490 1187 Nrkturn

190 1201 231 1227 ist
250 1200 298 1227 ein
319 1196 340 1224 R
361 1198 397 1225 de
421 1199 575 1232 commimi,
600 1198 705 1225 ebenso
728 1198 775 1225 die
795 1197 857 1224 drei
877 1197 984 1224 letzten
998 1194 1046 1222 ΑΑ
1066 1196 1116 1225 der
1135 1198 1258 1225 zweiteu
1276 1197 1412 1225 Nokturn
1432 1198 1490 1224 und

191 1238 222 1265 in
243 1237 294 1264 der
314 1236 423 1264 dritten
443 1238 489 1264 die
510 1234 532 1262 Α
554 1236 591 1264 ad
611 1236 741 1265 Cantica.
761 1251 800 1255 —-
818 1235 854 1262 In
875 1233 891 1262 1
911 1235 995 1263 Noet.
1018 1232 1041 1260 Α
1062 1231 1088 1270 3,
1109 1233 1126 1263 6
1148 1235 1297 1263 eremitica
1317 1235 1390 1271 lege.

559 1336 601 1368 13.
640 1336 676 1367 In
695 1335 896 1367 Revelatione
914 1344 938 1367 s.
958 1334 1097 1375 Benigni.

328 1408 375 1439 In
401 1407 430 1439 1.
458 1406 673 1446 Vesperis.

373 1471 467 1508 Super
486 1472 628 1500 Psalmos.

188 1531 227 1563 A.
256 1529 377 1570 Gaude,
404 1530 516 1572 gaude,

306 1576 410 1609 fidelis
436 1577 556 1618 concio,

256 1624 361 1657 Adest
384 1623 444 1656 tibi

301 1672 460 1712 gaudendi
484 1672 576 1713 ratio,

254 1720 338 1752 Nam
362 1719 522 1760 Benignus

303 1768 427 1807 martyr
452 1776 521 1798 cum
545 1766 660 1807 gaudio

254 1815 354 1848 Pleno
380 1814 460 1846 coeli

302 1861 424 1902 potitur
444 1861 596 1904 praemio,

253 1910 318 1942 Sed
342 1911 377 1941 tu
401 1909 501 1949 magis

300 1957 432 1998 laetare,
456 1957 562 2000 Divio,

255 2004 351 2036 Tanti
376 2005 480 2036 sancti

302 2052 406 2084 clarus
428 2052 592 2092 martyrio.

182 2110 222 2143 R.
248 2109 333 2142 Dum
360 2108 500 2140 divinum
525 2117 632 2140 semen
656 2109 744 2149 serit,

299 2157 350 2190 Ab
375 2155 492 2197 iniquis
517 2156 650 2198 capitur,

253 2204 357 2244 Caput
381 2206 472 2236 vecte
495 2204 589 2235 lictor
613 2202 698 2246 ferit,

298 2251 432 2292 Sanguis
456 2251 559 2284 sancti
583 2250 739 2292 funditur,

251 2299 305 2333 Sic
328 2300 448 2340 injuste
468 2300 572 2340 J'ustus
597 2299 691 2340 perit,

297 2347 382 2380 Dum
406 2356 466 2388 pro
491 2346 557 2380 fide
580 2347 731 2388 moritur3

868 1407 907 1438 V.
936 1405 1029 1437 Nunc
1051 1406 1264 1438 membrorum
1295 1406 1362 1445 eJ'us
1387 1415 1491 1438 massa

938 1453 976 1484 In
1003 1452 1127 1484 decenti
1153 1453 1288 1493 quadam
1314 1462 1405 1485 cassa

985 1499 1089 1539 Digne
1113 1500 1208 1532 valde
1232 1500 1372 1539 ponitur.

1049 1582 1095 1610 Ad
1114 1583 1292 1620 Magnificat.

865 1641 905 1675 A.
932 1640 1060 1673 Transit
1084 1644 1208 1683 martyr

984 1688 1026 1720 ad
1050 1690 1138 1730 regni
1163 1689 1285 1730 solium,

936 1736 1008 1769 Jam
1031 1734 1101 1768 fons
1126 1737 1215 1776 prius

984 1783 1084 1815 erevit
1107 1784 1140 1816 in
1164 1782 1303 1824 fluvium,

934 1830 1027 1862 Nunc
1052 1832 1187 1863 coeleste

978 1880 1085 1918 gustat
1110 1879 1287 1911 convivium

933 1925 1052 1959 Christi
1076 1935 1186 1959 servus

980 1973 1103 2006 intrans
1127 1974 1161 2005 in
1186 1974 1345 2014 gaudium.

999 2078 1062 2111 Ad
1086 2079 1201 2111 Matu
1212 2079 1353 2112 tinum.

1071 2144 1286 2172 Invitatorium.

934 2203 1063 2235 Adsunt
1085 2202 1212 2235 mirifici

980 2250 1115 2290 Benigni
1138 2250 1263 2291 gaudia,

933 2297 1045 2331 Laude
1068 2298 1238 2338 multiplici

979 2345 1117 2379 Plaudat
1141 2345 1285 2379 ecclesia.
