1650 2587
737 148 971 182 -15-

279 241 324 272 Et
349 242 452 273 erexit
477 251 573 273 cornu
597 241 689 274 nobis
1024 243 1039 274 I
1049 252 1067 272 n
1096 245 1126 275 2.
1153 243 1181 275 V
1190 252 1207 273 e
1216 252 1231 274 s
1240 253 1261 283 p
1273 243 1368 275 eris.

320 290 493 341 martyrem
519 288 754 342 lagi-iwanum..
1077 315 1122 342 Ad
1142 315 1319 350 Mag-nificat.

272 334 510 375 JusJuraudum‚
545 336 629 374 quod
650 339 781 378 Juravlt,

276 380 410 414 Sanctus
434 382 496 413 iste
519 381 720 421 praedicavit
885 382 924 413 A.
950 383 1030 424 Ave,
1055 381 1182 420 praesul
1206 382 1390 422 honestatis,

322 428 455 460 Praesul
479 428 727 469 Vallanensium‚
952 428 1081 468 Martyr
1104 429 1204 460 mirae
1227 428 1415 469 sanctitatis,

272 474 361 506 Dans
385 475 496 507 salutis
521 474 687 507 scientiam
955 475 1151 515 Agrippam,
1178 475 1227 506 vir
1250 475 1419 517 laudande,

275 521 421 553 Pellebat,
444 522 626 554 idolatriam
957 522 1016 560 Qui
1041 521 1098 553 das
1122 522 1221 562 lapsis
1246 523 1425 554 relevamen

320 568 436 609 Lapsis
461 569 618 609 praebens
642 569 826 602 remedium.
954 569 1000 601 Et
1023 567 1155 601 infirmis
1180 568 1393 612 medicamen3

272 616 357 648 Huic
382 624 456 656 ergo
482 615 666 648 festinemus
957 616 1005 647 Tu
1029 624 1088 656 pro
1112 615 1203 648 nobis
1227 616 1399 656 intercede,

322 663 447 696 cantica
471 663 619 705 dirigere,
955 664 1000 696 Ut
1026 663 1153 694 coelesti
1177 672 1234 695 nos
1258 663 1405 695 mercede

276 710 335 749 Qui
361 710 479 743 direxit
502 710 602 751 pedes
626 712 752 742 nostros
953 710 1043 742 Ditet
1063 710 1150 742 Deus
1176 718 1245 741 cum
1271 710 1372 742 beatis

323 757 412 797 pacis
436 758 470 789 in
495 757 619 789 itinere.
955 757 1064 798 Regno
1089 766 1164 789 suae
1186 757 1349 790 claritatis.

280 822 367 849 Brev.
387 830 440 849 ms.
461 822 617 850 Aniciense
633 830 708 850 saec.
731 821 775 850 15.
798 822 868 849 cod.
889 822 984 857 Capit.
998 822 1130 849 Anicien.
1151 832 1174 850 s.
1195 831 1223 848 n.
1237 822 1272 849 A.
1293 836 1330 841 —-
1350 823 1434 850 Brev.
1454 831 1507 848 ms..

206 859 363 887 Aniciense
383 868 457 888 saec.
481 859 524 888 15.
558 859 627 888 Cod.
648 860 773 888 Parisin.
796 857 876 888 1304.
897 861 930 888 B·
950 875 955 879 ·
1007 860 1090 887 Brev.
1112 869 1163 888 ms.
1186 859 1344 888 Aniciense
1363 868 1438 887 saec.
1461 858 1505 887 15.

204 897 273 925 eod.
298 897 423 925 Parisin.
448 896 572 932 (Arsen.)
598 896 662 926 278.
690 897 722 924 C.
748 912 785 917 —
810 898 845 924 In
874 897 897 925 1.
924 897 1012 933 Vesp.
1037 898 1138 925 stehen
1162 897 1179 926 5
1206 898 1392 933 Antiphonen
1436 906 1506 932 uper

200 934 348 969 Psalmos‚
376 943 435 962 von
462 935 556 963 denen
581 936 651 963 aber
678 935 725 963 die
749 937 813 963 vier
838 939 932 963 ersten
953 935 1107 970 jedenfalls
1134 936 1267 972 spateren
1287 936 1409 963 Datums
1434 935 1507 967 sind,

203 973 280 1000 denn
307 973 351 999 sie
377 973 442 1000 sind
470 982 522 1001 aus
549 973 615 1000 dem
639 974 747 1000 dritten
765 973 993 1008 Responsorium
1014 973 1064 1000 der
1084 976 1176 1001 ersten
1197 974 1334 1001 Nokturn
1353 973 1413 1000 und
1432 981 1509 1000 zwar

202 1019 234 1037 so
255 1010 392 1045 gebildet,
413 1010 476 1038 dass
497 1011 545 1038 die
564 1012 695 1039 einzelne
711 1011 860 1047 Antiphon
879 1010 985 1038 keinen
1000 1011 1030 1037 in
1045 1011 1107 1038 sich
1121 1010 1344 1048 gowhlowenen
1358 1010 1432 1038 Sinn
1446 1010 1506 1037 und

202 1048 332 1076 Satzbau
351 1048 410 1075 hat.
438 1062 465 1068 --
497 1048 567 1084 Sup.
587 1049 635 1076 Ps.
657 1047 689 1082 Α,
714 1047 729 1075 1
751 1049 936 1081 deprecamus
958 1056 1020 1075 eum
1043 1048 1073 1075 C.
1094 1063 1132 1067 -—
1150 1048 1196 1076 Ad
1215 1049 1313 1084 Magn.
1336 1046 1367 1081 Α,
1389 1046 1406 1074 2
1427 1048 1505 1076 exal-

201 1088 248 1113 tas
268 1085 300 1112 C.
319 1100 356 1104 -
375 1087 411 1114 In
433 1084 457 1113 1.
477 1087 563 1115 Noct.
583 1084 602 1111 Α
624 1085 648 1120 1,
669 1084 687 1114 3
707 1086 853 1114 anhelitus
874 1085 906 1112 O.
924 1099 936 1103 -
987 1083 1008 1111 R
1031 1085 1056 1119 1,
1075 1085 1092 1113 ’ἶ
1114 1095 1179 1113 cum
1199 1086 1301 1113 electis
1322 1085 1396 1113 fehlt
1414 1086 1447 1114 C.
1467 1099 1504 1103 —

204 1121 224 1149 R
245 1122 272 1157 2,
299 1122 316 1150 7
336 1124 397 1151 Fac
421 1132 544 1160 regnare
568 1124 642 1152 fehlt
662 1124 692 1151 Ο.
719 1138 756 1142 ——-
780 1124 816 1152 In
841 1121 867 1150 2.
893 1124 976 1150 Noct.
998 1121 1020 1149 Α
1043 1121 1067 1156 1,
1095 1121 1112 1151 3
1135 1125 1200 1160 ipso
1225 1123 1255 1151 C.
1314 1140 1322 1144 -
1348 1122 1370 1149 Α
1393 1122 1416 1156 1,
1438 1121 1457 1151 4
1477 1126 1507 1150 et

202 1160 376 1189 sacrificium
397 1161 427 1188 O.
453 1176 489 1180 ——
517 1160 539 1187 Α
560 1160 585 1195 2,
610 1160 630 1189 4
649 1161 769 1190 adoravi
790 1161 820 1189 G.
847 1175 882 1179 —
908 1158 931 1188 Α
951 1158 977 1195 3,
997 1159 1014 1187 2
1036 1163 1081 1189 est
1099 1162 1172 1189 fehlt
1191 1160 1221 1188 C.
1247 1177 1285 1181 —
1312 1161 1348 1189 In
1366 1162 1459 1189 Laud·
1481 1160 1503 1187 Α

204 1197 228 1233 1,
251 1196 268 1226 2
288 1199 373 1227 fulcis
395 1201 424 1226 et
444 1198 474 1226 O.
495 1213 533 1218 —-
553 1197 575 1225 Α
596 1198 623 1233 4,
644 1197 661 1228 3
680 1200 835 1227 laudantes
857 1199 888 1226 G.

670 1290 697 1321 3.
729 1290 773 1322 De
793 1291 900 1322 sancto
920 1290 1041 1322 Albino.

343 1360 391 1392 In
417 1360 448 1392 1.
474 1360 691 1398 Vesperis.
1017 1361 1063 1393 In
1091 1361 1120 1393 1.
1147 1360 1377 1392 Nocturno.

393 1434 439 1461 Ad
458 1434 636 1471 Magnificat.
1097 1424 1291 1462 Antiphonae.

896 1484 927 1517 1.
954 1483 1057 1515 Claris
1082 1485 1169 1515 ortus
1193 1482 1378 1521 parent-ibus

955 1530 1089 1562 Sanctus
1119 1531 1250 1562 antistes
1277 1529 1412 1562 Albinus

955 1577 1163 1609 Nobilitatem
1188 1577 1349 1617 sanguinis

954 1625 1049 1658 Vitae
1073 1625 1195 1656 ornavit
1220 1625 1351 1658 meritis

201 1503 243 1536 A.
271 1501 348 1534 Cum
373 1501 488 1542 gaudio
511 1501 592 1534 diem
620 1501 732 1534 festum

275 1548 473 1582 Gonfessoris
499 1548 672 1582 venerandi

271 1597 320 1628 Ac
344 1596 503 1636 praeclari
527 1596 686 1636 pontificis

268 1644 475 1683 Excipiamus
499 1643 610 1676 Albini

271 1691 320 1722 Ac.
344 1691 459 1724 devota
483 1693 589 1723 mente
614 1700 683 1723 eum
897 1685 927 1715 2.
954 1682 1001 1715 Uss
1025 1682 1161 1714 eXCOSSit
1184 1680 1352 1713 infantiam

272 1738 444 1771 Celebrate
468 1738 653 1781 gloriemur3
953 1729 1099 1769 Adeptus
1123 1728 1303 1771 pueritiam,
1346 1776 1352 1781 ¹

271 1786 350 1818 Dies
376 1785 459 1818 enim
482 1786 544 1818 iste
569 1785 629 1818 fuit
953 1776 1055 1808 Deum
1082 1777 1186 1816 coepit
1208 1785 1424 1817 magnammus

272 1832 438 1866 Coelicolis
461 1833 626 1873 gloriosus,
951 1824 1041 1856 Totis
1066 1833 1173 1855 amare
1197 1824 1327 1855 viribus,

272 1881 309 1913 In
335 1891 396 1921 quo
420 1883 528 1913 tantus
551 1880 681 1920 praesul
705 1890 761 1913 suo
897 1884 928 1915 3.
954 1881 1038 1913 Nam
1062 1884 1211 1920 parentes
1235 1880 1446 1921 relinquebat,

274 1927 467 1968 Conjunctus
493 1931 542 1960 est
566 1928 708 1969 collegio.
952 1928 1190 1969 Frequentabat
1215 1928 1390 1968 ecclesiam,

951 1976 990 2008 In
1012 1975 1140 2008 coelesti
1164 1975 1232 2008 solo
1256 1978 1349 2015 patre

334 2042 396 2074 Ad
420 2041 684 2074 Matutinum-
954 2022 1048 2055 Suam
1073 2032 1193 2062 ponens
1217 2021 1375 2055 fiduciam.

895 2083 928 2114 4.
954 2080 1016 2112 Hic
1040 2088 1147 2112 amore
1170 2079 1231 2111 Dei
1255 2078 1383 2113 fervens

406 2116 620 2144 Invitatorium.
954 2127 1163 2166 Semetipsum
1187 2126 1375 2168 abnegabat,

266 2185 368 2218 Deum
394 2184 500 2217 vivum
525 2184 691 2217 adoremus
956 2174 1088 2207 Crucem
1113 2183 1201 2206 Suam
1225 2184 1319 2207 manu
1343 2175 1458 2207 tOllssIlS

270 2232 437 2274 Fideljter,
464 2231 498 2263 jn
523 2240 584 2272 quo
609 2233 720 2265 vivunt
954 2220 1152 2262 Sequebatur
1176 2221 1283 2254 Jesum
1309 2222 1480 2256 Christum.

270 2280 386 2313 Omnes
411 2282 535 2311 sanctes
559 2278 707 2319 feliciter,
896 2281 927 2314 5.
952 2278 1013 2310 His
1036 2278 1173 2311 vacabat.
1196 2279 1355 2319 operibuS,

269 2327 329 2366 Qui
353 2327 534 2367 praesulem
558 2326 742 2367 perenniter
948 2326 1017 2358 Deo
1042 2325 1154 2366 qm'bus
1179 2329 1263 2358 esset
1287 2336 1389 2368 caruS,

268 2374 485 2415 Regnaturum
508 2374 646 2415 gloriose
950 2373 996 2405 Et
1019 2373 1059 2405 ab
1084 2373 1133 2405 his
1156 2383 1191 2406 se
1215 2374 1407 2414 continebat,

272 2421 421 2455 Sanctum
449 2422 612 2455 coronavit
634 2421 798 2457 Albinum.
952 2421 1039 2460 Quae
1062 2420 1216 2454 Dominus
1240 2431 1303 2454 non
1328 2421 1463 2455 amabat.
