1650 2587
125 166 163 199 V.
193 167 240 199 Ut
261 166 307 198 ita
330 170 435 198 mente
458 168 592 206 purgata

198 213 268 244 Vita
291 212 432 246 fruamur
456 213 551 244 beata

242 259 318 291 Cum
342 260 413 299 ipsa
435 261 490 299 pia
515 260 649 292 domina.

282 344 327 375 In
352 343 581 378 Laudibus,

333 407 527 443 Antiphonae.

135 463 166 496 1.
192 464 265 496 Jam
288 465 368 496 lueis
392 467 461 496 orto
484 464 591 497 sidere

237 511 296 543 Sat
317 512 456 544 valemus

192 558 231 589 In
253 557 401 589 Marthae
425 558 492 589 vita
514 559 631 598 legere,

237 604 327 643 Quod
351 613 520 639 servemus,

133 663 165 693 2.
191 660 277 699 Quae
300 661 483 699 hospitandi
506 662 608 701 gratia

238 708 339 740 Facta
360 712 451 748 grata

191 755 261 786 Jam
286 756 419 795 quiescit
442 756 475 786 in
500 756 603 795 gloria

236 801 397 836 Exaltata.

134 850 165 881 3.
191 850 288 887 (Quem
312 850 344 880 in
369 858 427 880 sua
450 857 546 889 saepe
570 850 663 881 domo

236 895 425 936 Receptavit
447 896 602 937 hilariter,

191 942 292 974 Verus
315 943 411 983 Deus,
436 951 530 975 verus
553 943 644 974 homo

237 989 330 1021 Hanc
353 990 438 1021 coelo
462 990 550 1022 vexit
575 989 717 1021 dulciter.

133 1047 164 1077 4.
190 1045 287 1083 Quem
312 1044 472 1077 Abraham
497 1045 715 1077 obumbratum

238 1090 353 1123 Divino
375 1092 464 1124 novit
487 1091 610 1131 spiritu,

191 1138 285 1169 illum
309 1138 388 1169 haec
410 1139 475 1177 jam
499 1139 701 1169 humanatum

239 1184 326 1215 Vidit
353 1186 455 1216 carnis
479 1185 605 1216 intuitu.

135 1243 153 1273 Εἴ(

236 1287 298 1319 Pro
323 1287 411 1319 fideli
433 1289 561 1327 populo,

188 1333 235 1366 Ut
256 1334 346 1365 illum
365 1335 444 1365 velit
466 1335 590 1366 salvare

233 1382 269 1413 In
297 1384 424 1412 aeterno
448 1381 584 1412 saeculo.

158 1265 166 1273 .
191 1240 302 1279 Deum,
327 1240 465 1283 Martha,
494 1241 664 1281 deprecare

738 72 805 107 156
854 94 898 99 —-

990 165 1035 193 Ad
1054 167 1236 195 Benedictus.

800 222 840 255 A.
872 223 936 255 Ora
958 233 1016 263 pro
1041 224 1233 264 infidelibuS‚

869 270 915 302 Ut
937 271 1105 302 illustratis
1131 271 1278 303 cordibus

919 316 1125 349 Sacrosancto
1149 320 1319 357 pneumate

870 364 972 396 Pulsis
997 365 1109 403 procul
1133 365 1294 397 erroribus

869 411 1046 443 Induantur
1069 412 1238 444 virtutibus

916 457 998 490 Sano
1024 458 1097 491 fulti
1122 459 1276 499 dogmate.

939 600 985 632 In
1012 601 1041 632 2.
1069 601 1096 632 V
1109 601 1284 640 esperis.

1039 674 1176 710 Alleluja.

866 742 995 774 Martha
1021 742 1189 774 draconem
1213 742 1325 782 ligavit

866 789 911 820 Et
936 788 1118 821 defunctum
1143 789 1306 821 suscitavit

912 836 1030 868 Divina
1053 837 1204 876 potentia,

866 881 1070 915 Infirmitates
1096 883 1227 923 curavit,

863 930 998 962 Errores
1024 931 1188 962 evacuavit

912 976 1036 1018 Ingenti
1062 977 1245 1009 constantia.

984 1079 1032 1105 Ad
1051 1078 1228 1114 Magnificat.

791 1147 832 1178 A.
860 1147 920 1179 Pia
941 1146 1080 1185 Martha,
1105 1146 1268 1178 intercede

862 1194 924 1225 Pro
951 1193 1044 1232 clero,
1069 1197 1106 1224 ut
1130 1193 1210 1225 coeli
1234 1195 1310 1226 sede

907 1239 1010 1280 Digno
1037 1241 1143 1272 divina
1167 1241 1269 1281 gratia

863 1287 963 1319 Facto
987 1286 1104 1319 Christi
1128 1288 1303 1320 cohaerede

864 1334 1055 1373 Angelorum
1081 1342 1206 1374 semper
1230 1336 1309 1367 aede

911 1380 958 1412 Sit
982 1382 1015 1413 in
1040 1384 1169 1413 aeterna
1193 1382 1304 1422 gloria.

193 1445 276 1472 Bmv.
304 1454 356 1472 ms.
376 1446 433 1473 Die
418 1454 466 1472 esn
470 1455 485 1472 e
509 1454 583 1473 saec.
606 1443 649 1472 15.
671 1444 1018 1481 Cod.Gratia1101›0litan.
1048 1443 1110 1473 134.
1130 1447 1165 1473 A
1190 1460 1218 1465 -
1254 1447 1338 1473 Brev.
1360 1455 1412 1473 ms.

117 1483 216 1510 Diens

254 1491 328 1510 saec.
355 1481 398 1510 15.
420 1483 488 1511 Cot‘i.
507 1484 685 1511 Aveuionen.
713 1492 736 1509 s.
762 1492 789 1510 n.
812 1483 842 1511 B.
868 1499 905 1504 ἡ
930 1483 1013 1510 Biev.
1037 1492 1088 1510 ηις.
1109 1484 1351 1511 Valentinense.
1339 1493 1412 1511 saec.

121 1519 164 1547 15.
185 1520 255 1547 eod.
275 1520 440 1548 Ati-haten.
465 1519 641 1555 11421552).
661 1520 692 1547 G.
717 1535 754 1539 —
778 1522 815 1548 In
835 1519 860 1547 1.
880 1522 964 1549 N<et.
986 1520 1007 1547 Α
1028 1518 1054 1556 :‚3
1078 1520 1093 1548 1
1112 1521 1243 1548 lactabat,
1264 1522 1298 1548 A.
1326 1536 1363 1540 —-
1390 1519 1410 1547 Ρ.

121 1555 182 1590 1,
203 1560 279 1585 terra
298 1558 332 1584 A.
372 1573 393 1576 —
421 1557 440 1584 R
461 1556 487 1587 2,
508 1558 525 1585 5
544 1558 652 1585 femina
671 1559 705 1585 A.

117 1592 143 1628 3,
164 1615 174 1621 „
202 1595 287 1622 Hane
306 1595 379 1622 fehlt
397 1597 430 1623 A.

750 1556 830 1584 -R
824 1556 850 1591 ω’,
871 1557 889 1584 2
909 1558 1030 1594 perfecit
1048 1543 1086 1585 'A.
1114 1573 1151 1577 —
1180 1560 1216 1586 In
1235 1557 1261 1585 2.
1283 1559 1366 1587 Noct.
1390 1557 1410 1585 Β

546 1686 591 1717 59.
630 1686 673 1717 De
693 1687 797 1717 sancto
820 1685 981 1717 Martiano.

259 1756 304 1787 In
331 1756 361 1788 1.
389 1755 608 1794 Vesperis.

304 1830 349 1857 Ad
369 1830 400 1856 M
403 1829 546 1866 agnificat.

118 1889 157 1921 A.
187 1886 280 1919 Felix
304 1888 427 1919 exsulta
451 1888 556 1929 Senio,

184 1935 263 1966 Tam
288 1937 394 1966 saneto
421 1936 528 1967 dotata
551 1937 650 1977 patre,

188 1981 252 2014 Sed
275 1982 347 2021 plus
369 1982 478 2014 intona
499 1981 610 2023 jubilo,

186 2030 281 2070 Apta,
310 2029 385 2060 data
407 2027 538 2060 mirifice

187 2075 266 2107 Ossa
288 2075 349 2107 tibi
370 2076 534 2116 Martiam,

187 2122 231 2154 Ut
258 2122 434 2161 duplicibus
458 2121 601 2162 patribus

185 2169 336 2209 Auspicio
362 2172 393 2201 et
419 2170 540 2202 Castori

186 2215 375 2256 Jungeretur
398 2217 584 2259 Martianus,

185 2263 231 2295 Ut
253 2272 315 2295 non
339 2264 445 2296 statim
469 2264 646 2304 triplicatus

185 2310 397 2351 Rumperetur
420 2311 585 2345 funiculus.

925 1756 985 1787 Ad
1009 1755 1276 1790 Matutinum.

994 1812 1210 1840 Invitarorium.

862 1860 990 1891 Adsunt
1011 1860 1164 1892 Martiani

910 1905 1009 1939 Laeta
1033 1908 1194 1949 solemnia,

862 1953 972 1985 Laude
995 1955 1163 1994 multiplici

904 2001 1041 2033 Plaudet
1064 2002 1208 2036 ecclesia.

915 2067 961 2099 In
987 2068 1017 2100 1.
1044 2067 1272 2100 Nocturno.

1003 2123 1196 2159 Antiphonae.

804 2171 834 2203 1.
860 2170 969 2202 Abbas
993 2175 1119 2204 sanctus
1146 2175 1177 2203 et.
1201 2173 1337 2204 coelicus

862 2216 964 2249 Datur
990 2220 1150 2258 exemplar
1174 2220 1292 2251 saeculi

858 2265 1053 2303 Aptensibus
1077 2267 1254 2299 Martianus

860 2310 978 2343 Vivens
1002 2312 1069 2345 vita
1091 2313 1239 2353 regulari.
