1650 2587
725 136 983 175 -133—

216 234 248 266 2.
275 233 388 274 Specie
413 235 480 274 eJ'us
504 243 610 266 amore

199 1609 238 1642 V.

322 284 428 312 mente
453 284 565 321 captus
591 281 696 322 effera,

274 328 377 359 Mittit
401 336 472 360 suos
498 329 676 369 explorare,

322 374 350 405 si
371 376 438 414 jam
462 378 545 407 esset
564 375 676 416 libera,

276 421 331 454 Illi
354 422 439 454 thori
463 423 615 462 nuptialis

321 469 544 508 repromittens
570 468 711 501 foedera.

241 547 247 553 .
274 520 353 552 Orat
378 520 536 553 Christum
560 520 739 560 Margarita

321 567 481 599 immensis
504 568 680 611 gemitibus,

275 614 324 646 Nc
348 624 437 646 suam
461 614 675 655 virginitatem

323 662 435 694 tradat
460 662 709 702 corruptoribuS,

275 707 338 740 Sed
365 709 489 748 eripere
515 709 661 749 dignetur

319 755 470 795 angelicis
494 755 650 788 manibus.

413 811 621 846 Responsoria.

239 879 246 886 .
275 854 392 885 Sancta
415 855 505 893 virgo
529 855 715 894 Margarita,

321 909 378 939 spe
399 900 526 932 firmata
550 900 736 941 futurorum,

271 947 448 979 Deridebat
467 948 585 987 Judicis

318 1003 452 1026 munera
474 993 779 1026 blandimentorum:

274 1041 436 1074 Christum
462 1041 572 1082 adoro,
598 1041 652 1080 qui
675 1044 782 1072 manet

317 1088 350 1118 in
377 1088 504 1119 saecula
526 1088 733 1120 saeculorum.

272 1133 423 1166 Glorifico
446 1133 617 1167 Dominum

315 1190 404 1213 meae
429 1181 629 1221 virginitatis,

271 1228 468 1261 commoveri
492 1238 556 1260 non
579 1230 691 1268 potero

321 1285 340 1307 a
365 1276 418 1308 via
441 1276 595 1309 veritatis.

237 1351 245 1358 .
271 1327 415 1359 Elevatis
439 1326 617 1366 Margarita

321 1375 354 1406 in
381 1375 500 1406 coelum
524 1374 712 1405 luminibus:

271 1421 322 1452 Ne
345 1421 455 1453 tradas
479 1429 540 1462 me,
564 1420 642 1454 Jesu
667 1420 800 1459 Christe,

317 1468 432 1509 inquit,
456 1468 672 1509 unicornibus,

271 1514 336 1547 Sed
361 1523 472 1547 eruere
498 1515 637 1555 digneris

318 1562 455 1594 clemens
480 1571 500 1593 a
521 1562 675 1596 leonibus.

270 1609 404 1642 Obsedit
427 1617 478 1641 me
503 1609 666 1641 consilium

271 1657 445 1689 Multorum
471 1657 707 1689 adversantium

314 1704 360 1736 Et
384 1704 563 1736 circumdor
588 1704 727 1736 canibus

211 1756 242 1789 3.
269 1756 396 1788 Minant
420 1765 489 1788 eam
511 1756 663 1796 praesidi,

316 1803 413 1844 Virgo
440 1803 559 1836 Christi
581 1802 712 1836 affatur:

265 1850 301 1882 si
326 1852 453 1890 corpori
477 1851 638 1892 misereor,

316 1898 447 1938 spiritus
472 1897 654 1938 tribulatur,

269 1945 364 1977 Nunc
388 1954 462 1977 vero
488 1954 546 1985 per
569 1945 756 1986 martyrium

316 1991 420 2033 gloria
441 1995 662 2032 praeparatur.

269 2039 304 2071 Si
330 2039 417 2071 carni
440 2047 624 2081 pepercerO,

269 2086 343 2119 Jam
363 2089 500 2119 mortem
522 2087 557 2118 in
579 2085 685 2119 infero

316 2133 434 2166 Anima
456 2133 679 2174 praestolatur.

328 2201 376 2234 In
401 2202 434 2234 3.
459 2198 689 2234 Nocturno,

415 2250 611 2286 Antiphonae.

267 2295 446 2336 Margarita
472 2294 678 2335 suspenditur

316 2346 348 2377 A
372 2342 527 2375 militibus
547 2343 717 2383 praesidis,

270 2391 454 2425 Crudeliter
479 2392 511 2422 et
535 2390 679 2422 caeditur

317 2439 461 2480 Virgulis
484 2437 665 2470 subtilibus.

895 238 926 269 2.
947 235 1000 267 Illi
1026 234 1201 266 caedebant
1224 233 1358 276 fortiter,

951 282 1041 314 Haec
1064 280 1189 313 ferebat
1210 280 1357 320 viriliter,

1000 329 1133 368 Sanguis
1159 336 1197 359 ex
1221 327 1308 360 fonte
1333 329 1473 369 corporis

997 377 1132 408 Manans
1159 375 1306 407 currebat
1331 375 1460 410 deforiS.

897 452 928 484 3.
954 449 1090 491 Respice
1110 450 1143 481 in
1167 458 1227 489 me,
1252 450 1397 491 Domine,

883 1107 921 1139 V.

881 1653 919 1684 V.

1000 497 1091 530 Dixit
1115 497 1203 536 virgo
1229 497 1331 536 beata,

954 543 1025 575 Non
1051 544 1160 575 cadam
1185 542 1380 586 fortitudine,

1002 591 1065 623 Sed
1089 591 1189 622 laeter
1212 591 1357 625 liberata.

1093 731 1298 766 Responsoria.

920 852 926 858 .
952 826 1154 858 Furibundus
1180 826 1328 866 Olybrius

1001 874 1160 905 nolentem
1184 873 1361 905 consentire

955 920 1053 953 Jubet
1080 948 1083 954 .
1116 948 1119 954 .
1152 951 1155 954 .
1188 951 1191 954 .
1217 928 1375 952 carcerem

1001 967 1200 999 tenebrosum
1226 967 1325 1007 obire,

955 1014 1019 1046 Sed
1042 1014 1123 1045 haec
1147 1016 1226 1053 orat,
1251 1017 1288 1045 ut
1309 1014 1464 1046 Dominus

1004 1061 1150 1101 dignetur
1175 1060 1354 1093 subvenire.

950 1107 988 1138 In
1014 1115 1172 1138 carcerem
1197 1107 1345 1146 Olybrius

954 1153 1161 1194 Margaritam
1187 1154 1320 1185 celerius

1000 1201 1162 1240 Praecipit
1184 1201 1326 1233 introire.

920 1301 928 1308 .
952 1275 1088 1318 Christe,
1113 1277 1197 1308 salus

998 1323 1030 1354 in
1056 1325 1089 1354 te
1108 1323 1313 1363 sperantium,

952 1369 1131 1402 Exauditor

999 1417 1041 1449 ad
1065 1419 1098 1448 te
1123 1418 1332 1457 clamantium,

954 1464 1086 1496 Custodi
1109 1473 1160 1495 me

998 1511 1039 1543 ab
1065 1512 1149 1543 omni
1173 1512 1306 1554 macula,

951 1557 1144 1591 Benedictus

1001 1607 1054 1646 qui
1079 1614 1112 1637 es
1134 1607 1167 1637 in
1193 1607 1329 1638 saecula.

950 1652 1082 1693 Suscipe
1106 1662 1279 1694 servorum,

1000 1700 1126 1733 Christe
1148 1701 1212 1741 pie,
1236 1704 1311 1733 vota
1337 1703 1469 1733 tuorum.

894 1778 924 1809 3.
949 1775 1047 1816 Virgo
1073 1776 1192 1809 Christi
1214 1775 1291 1808 fidei

999 1824 1114 1855 annulo
1140 1823 1339 1864 subarrhata,

951 1870 1131 1903 Virtutibus
1157 1874 1188 1902 et
1211 1871 1337 1903 nomine

998 1918 1177 1958 Margarita
1199 1922 1321 1959 vocata,

953 1965 1006 1996 Ad
1030 1966 1161 2004 superni

1000 2012 1083 2053 regis
1107 2012 1228 2052 palatia

952 2058 1053 2091 Defer
1076 2063 1195 2099 nostra,

1000 2107 1100 2147 virgo,
1126 2106 1263 2147 suspiria

954 2154 1017 2186 Ora
1042 2156 1148 2185 mente

1000 2210 1060 2240 pro
1083 2201 1175 2233 nobis
1199 2201 1312 2233 sedula

953 2248 1051 2288 Apud
1076 2248 1246 2289 Christum,

1002 2296 1055 2335 qni
1079 2296 1162 2336 regit
1183 2297 1319 2330 saecula.

953 2342 1030 2375 Cum
1055 2351 1170 2382 sponso
1194 2345 1228 2375 te
1252 2346 1416 2377 coronanti

955 2390 1124 2423 Psallimus
1149 2391 1208 2423 tibi
1233 2392 1388 2434 regnanti,

1002 2439 1027 2471 Ο
1052 2438 1155 2481 virgo,
1181 2438 1300 2472 Christi
1322 2439 1453 2475 famula.
