1651 2588
729 71 985 108 -248—

234 168 264 199 5.
290 167 436 199 Laudent
461 168 610 200 coelestes
1030 179 1077 210 In
1102 179 1133 209 2,
1157 177 1369 217 Vesperig,

337 213 494 246 Christum
506 215 575 246 sine
583 215 644 247 fine
652 214 833 256 phalanges,

290 259 366 292 Cum
390 261 500 301 quibus
526 262 661 293 exsultat
1081 258 1127 286 Ad
1144 259 1322 295 Magnifieat.

333 307 488 339 Taurinus
513 309 608 341 laude
631 316 776 347 superna.
889 326 929 358 A·
958 326 982 358 Ο
1010 326 1104 357 decus
1130 326 1287 364 eximin-m,

402 371 448 399 Ad
466 372 650 402 Benedictus,
1004 372 1095 411 votis,
1121 372 1267 411 Taurine,
1294 377 1477 413 precantum

214 418 255 451 A.
284 418 413 452 Gemma
441 421 649 461 sacerdotum,
959 418 1124 451 Auxiliare
1146 419 1250 451 libens

328 474 438 498 norma
461 466 598 498 Taurine
620 467 753 506 piorum,
1006 465 1160 497 scelernm
1179 466 1361 498 discrimina
1373 468 1508 507 pellens,

283 513 414 553 Porrige
437 513 608 545 subsidium
960 514 1072 546 Sterne
1095 512 1303 553 malignantes

327 559 417 591 nobis
440 560 641 598 poscentibus
665 560 780 591 almum
1003 559 1098 592 armis
1125 560 1310 592 coelest-ibus
1336 560 1440 592 hostes

281 605 477 645 Obtentuque
500 608 552 645 pio
954 607 998 638 Et
1021 605 1111 638 nobis
1135 615 1246 646 pacem

327 651 379 684 fac
401 661 458 684 nos
477 661 573 692 super
588 655 674 685 astra
692 653 825 687 colonos.
1004 653 1151 693 precibus
1185 654 1301 694 largire
1325 662 1505 693 perennem.

289 716 408 752 Antiph.
435 725 487 743 ms.
508 716 537 742 S.
559 717 754 753 Vandregisili
776 726 850 745 saec.
875 715 916 743 12.
938 718 1006 745 Cod.
1026 719 1152 745 Parisin.
1175 716 1208 745 10
1217 716 1280 746 509.
1300 718 1335 746 A.
1362 735 1398 738 —
1421 720 1507 747 Brev-

212 761 265 780 ms.
284 753 479 781 Fiseannense
499 762 573 781 saec.
594 753 637 783 12.
653 754 720 781 Cod.
735 755 923 791 Rotomagen.
944 753 1007 783 244.
1029 756 1061 783 Β.
1082 769 1119 774 —
1138 756 1222 783 Brev.
1242 764 1295 783 ms.
1309 756 1506 785 Fiscannense

213 798 287 817 saec.
310 789 352 819 13.
375 791 443 819 Ood.
464 792 652 828 Rotomagen.
674 790 737 819 245.
759 793 789 820 C.
810 806 847 811 —
866 793 950 820 Brev.
963 793 1158 820 Fiseaunense
1178 801 1253 821 saec.
1276 791 1319 821 14.
1335 793 1403 821 Cod.
1417 796 1505 822 Roto—

209 836 321 863 magen.
342 827 405 856 205.
425 828 462 855 D.
493 844 528 848 —
553 829 671 865 Antiph.
691 838 744 857 ms.
763 830 960 858 Fiseannense
979 839 1053 858 saec.
1077 829 1119 857 14.
1142 831 1210 858 Cod.
1230 832 1420 867 Rotomagen.
1440 831 1504 860 251.

209 865 245 892 Ε.
271 880 308 884 -
333 867 417 893 Brev.
444 875 496 894 ms.
516 867 694 894 Ebrcieense
718 875 792 894 saec.
816 866 858 895 14.
882 867 949 895 Cod.
969 869 1094 895 Pax-isin.
1118 869 1212 896 Nouv.
1233 870 1303 903 Acq.
1324 866 1388 896 388.
1408 870 1440 897 F.
1468 885 1504 889 —

209 903 291 929 Brev.
311 904 366 930 Ms.
386 903 567 931 Ebroicense
586 912 660 932 saec.
682 903 724 931 15.
747 904 814 932 Ood.
835 904 988 933 Ebroicen.
1011 904 1054 933 12.
1074 905 1107 933 G.

283 941 339 968 Die
359 940 462 968 beiden
480 941 587 969 letzten
599 942 826 970 Handschriften
846 942 943 969 bieten
958 943 1008 970 das
1020 942 1153 971 Officium
1166 945 1197 971 in
1211 944 1504 973 nichtmonastischer

208 977 301 1011 Form,
322 987 381 1005 was
400 980 432 1005 in
451 987 583 1006 unsel-em
602 979 685 1007 Fane
704 988 736 1006 so
756 980 815 1007 viel
835 980 923 1007 heisst
943 981 985 1007 als
1006 981 1232 1018 unvollstiindig.
1259 995 1296 1000 ——
1316 982 1351 1008 In
1374 981 1398 1008 1.
1419 983 1503 1010 Noct,

208 1013 239 1045 Α,
260 1013 278 1041 2
306 1013 323 1043 3
349 1015 386 1042 ad
405 1015 515 1043 clarum
533 1017 565 1044 F.
592 1031 631 1037 —'
655 1015 677 1042 Α
697 1014 722 1050 2,
753 1015 767 1043 1
789 1018 905 1051 Quanta
923 1017 994 1045 felix
1014 1019 1143 1046 cominus
1166 1019 1198 1045 F.
1227 1035 1264 1039 —
1293 1016 1312 1044 R
1334 1017 1360 1052 2,
1385 1017 1403 1046 3
1424 1020 1504 1047 dedit

205 1053 319 1079 tantum
336 1054 370 1080 F.
391 1067 424 1072 -—
444 1053 481 1080 In.
498 1054 591 1081 Laud.
611 1053 656 1081 Ad
674 1054 781 1081 Bened.
802 1054 834 1088 Α,
853 1052 871 1081 3
890 1055 1020 1090 Pon-igit
1039 1056 1073 1083 A.

486 1162 534 1193 94.
571 1163 615 1194 De
635 1170 674 1193 ss.
694 1163 825 1201 Tiberio,
847 1164 976 1195 Modesto
1003 1166 1034 1195 et
1053 1164 1219 1197 Florentio.

338 1239 388 1271 In
415 1239 444 1274 1.
469 1241 677 1280 vesperis
1012 1244 1057 1276 In
1084 1243 1114 1277 1.
1141 1243 1366 1278 Nocturno.

392 1298 438 1326 Ad
456 1299 633 1336 Μᾶέᾟὶἣθῑῑΐι
1089 1317 1283 1354 Antiphonae.

204 1350 244 1381 A.
273 1351 462 1390 Agathensis

321 1400 442 1430 exsulta
465 1399 551 1439 regio

273 1444 453 1477 Venerandi

894 1384 922 1417 1.
948 1384 999 1416 Ex
1022 1385 1139 1416 illustri

994 1435 1086 1463 natus
1110 1433 1270 1473 prosapia,

317 1492 436 1524 virtute
458 1492 571 1532 bravii,
947 1477 1138 1510 sablimatus
1277 1527 1283 1533 ,

274 1538 417 1578 spiritali
995 1533 1088 1564 opum
1112 1528 1314 1568 praestanua,

319 1585 438 1617 laetare
461 1586 575 1625 gaudio
947 1571 1072 1603 Morum
1096 1574 1201 1626 time?

272 1630 478 1664 sacrosancta
990 1618 1059 1650 luce
1084 1619 1229 1651 Tiberius

317 1682 418 1710 morte
441 1679 570 1722 Tiberii,
946 1664 1051 1697 Genus
1076 1665 1151 1697 Vicit
1176 1714 1183 1720 ,
1220 1715 1226 1721 ,

273 1724 369 1763 Quem
395 1724 555 1768 [benigna]
990 1717 1113 1751 martyr
1137 1722 1278 1747 exrmlus.

320 1771 435 1803 Christi
457 1772 595 1812 dignatio
887 1777 918 1809 2.
944 1777 1033 1809 Intra
1056 1780 1154 1810 metas

272 1818 441 1851 Coronavit
990 1824 1163 1857 consistens
1186 1828 1312 1866 parvuli

318 1866 411 1905 digno
436 1867 587 1907 martyrio
943 1871 1164 1904 Blandimenta

270 1911 341 1944 Jam
366 1922 509 1945 securum
990 1920 1179 1959 contempsit
1199 1922 1318 1954 saeculi

319 1960 358 1991 de
382 1960 463 1993 bono
487 1960 629 2000 praemii.
940 1964 985 1996 Et
1007 1966 1190 2006 amplexans

986 2012 1049 2045 Dei
1074 2013 1237 2047 scientiam

330 2053 391 2085 Ad
414 2053 681 2087 Matutinum.
941 2059 993 2091 Ad
1019 2059 1167 2100 baptismi

398 2113 611 2142 1nvitatorium.
986 2108 1132 2146 pervenit
1155 2110 1299 2149 gratiam-

271 2164 430 2198 Christum
450 2169 557 2198 natum
579 2169 768 2201 salvatorem
884 2172 914 2204 3.
938 2172 1101 2205 Tribunali

316 2212 413 2245 Sonet
437 2220 496 2246 vox
519 2214 672 2258 fidelium,
986 2229 1066 2259 puer
1091 2223 1261 2264 expositus,

265 2259 324 2299 Qui
348 2261 470 2294 revexit
492 2262 535 2293 ad
560 2263 703 2295 decorem
941 2265 1017 2297 Cum
1042 2268 1166 2300 audiret

311 2307 488 2348 Mari-,yram
511 2309 682 2343 Tiberium.
985 2314 1085 2347 minas
1109 2315 1265 2359 interitus,
