1651 2588
267 1385 285 1415 ct(

792 104 1026 139 -98—

623 214 668 246 36.
707 215 751 245 De
771 222 795 246 s.
818 215 929 246 Jacobo
950 215 1190 247 Tarentasiensi.

400 306 444 337 In
471 304 501 336 1.
527 304 741 343 Vesperis.

468 387 662 423 Antiphonae.

295 478 303 485 .
330 454 450 495 Gaude,
475 454 668 497 metropolis,

375 502 461 536 Urbs
486 501 701 541 Tarentasiae,

328 548 435 580 Bonae
459 555 533 588 gens
558 547 683 589 indolis,

376 595 492 626 Schola
511 593 663 635 justitiae,

326 641 409 673 Dum
432 648 526 672 vacas
550 640 645 671 idolis

373 688 478 727 Atque
501 687 680 726 spurcitiae,

420 734 561 766 Mittitur
585 734 626 765 ad
649 736 681 765 te
705 733 851 766 Jacobus.

325 795 383 827 Vir
406 794 537 827 illustris
562 795 753 834 Honoratus,

327 842 447 875 Mundo
469 841 608 881 placem,
633 842 701 874 Deo
726 844 842 883 gratus,

322 889 447 920 Arelati
470 889 668 927 praesulatus

373 936 462 967 Tunc
485 934 613 966 tenebat
637 936 768 975 apicem.

327 991 417 1023 Circa
440 993 561 1022 montes
585 991 715 1031 Alpium

326 1038 402 1069 Fuit
421 1047 487 1070 mos
511 1038 672 1077 gentilium

325 1084 491 1124 Figmenta
515 1085 706 1124 sculptilium

373 1132 545 1171 Tamquam
569 1131 653 1163 Deos
678 1132 790 1164 colere.

324 1187 504 1219 Honoratus
525 1189 602 1218 nutu
625 1187 686 1219 Dei

326 1234 461 1273 Propter
487 1242 612 1265 causam
635 1234 728 1273 huJ'us
752 1235 798 1266 rei

325 1280 522 1321 Paganorum
545 1279 624 1312 flens
648 1289 786 1312 errorem

324 1326 429 1358 Mittit
449 1327 539 1359 verbi
562 1327 753 1367 largitorem.

292 1407 298 1413 .
323 1383 406 1414 Arat
430 1389 461 1415 et
484 1383 561 1414 serit
584 1383 731 1424 Jacobus„

324 1430 413 1469 Quod
430 1439 491 1462 non
510 1428 574 1461 fert
588 1430 687 1462 hostis
699 1431 871 1472 improbus,

323 1476 384 1508 Per
408 1476 485 1508 fines
510 1477 713 1509 Tarentasiae

324 1523 413 1555 Fana
436 1523 517 1555 fiunt
541 1523 700 1557 ecclesiae.

319 1579 382 1610 Hic
406 1579 577 1619 apostolice

370 1626 529 1657 Suscitans
554 1625 714 1665 famulum,

322 1672 473 1704 Precibus
498 1672 624 1711 publice

369 1719 526 1751 Reserans
553 1720 713 1761 tumulum,

324 1766 421 1805 Quem
445 1773 502 1805 per
527 1766 726 1804 quatriduum

368 1812 457 1844 Mors
482 1820 586 1843 secum
611 1813 754 1853 collocat,

321 1859 391 1891 Non
418 1862 466 1891 est
489 1859 677 1899 ambiguum,

367 1906 505 1939 Jacobus
529 1909 664 1938 revocat.

323 1953 433 1985 Vem'te
467 1955 496 1985 et
530 1953 630 1985 videte
666 1962 763 1993 opera
794 1954 867 1994 Dei,

319 2009 401 2040 quae
433 2000 548 2040 posuit
578 2000 735 2041 prodi-qia
773 2010 869 2041 super

318 2050 448 2080 terram.

436 2129 482 2158 Ad
500 2129 677 2166 Magnificat.

318 2197 454 2229 Jacobus
478 2197 616 2239 inclitus,

366 2244 443 2276 Flos
468 2244 746 2285 archipraesulum,

318 2291 431 2323 Pastor
454 2291 608 2323 sollicitus

360 2338 405 2369 Et
427 2338 530 2378 gregis
555 2339 727 2381 speculum,

1007 305 1171 337 Convertit
1193 305 1339 344 primitus

1051 352 1105 384 Ad
1129 351 1224 384 fidem
1248 352 1399 392 populum

1098 400 1137 431 In
1160 399 1356 432 Tarentasia.

1069 506 1129 537 Ad
1153 507 1418 540 Matutinum.

1136 575 1351 603 Invitatorium.

1004 631 1090 663 Voce
1114 632 1194 672 pari,
1219 636 1325 665 mente
1348 643 1429 673 pura

1000 678 1220 711 Persolvamus
1245 681 1372 712 laudum
1394 682 1468 720 jura

1005 724 1130 756 Christo
1155 727 1231 768 regi,
1258 728 1346 766 qu'us
1370 728 1434 769 legi

1048 771 1115 803 Nos
1140 772 1265 811 subegit
1287 774 1434 809 JacobuS.

1068 875 1113 906 In
1139 876 1169 908 1.
1195 876 1423 911 Nocturno.

1141 949 1336 986 Antiphonae.

946 1010 976 1043 1.
1002 1010 1118 1042 Beatus
1143 1012 1290 1053 Jacobus,

1049 1066 1164 1097 genere
1185 1059 1312 1100 nobilis,

1003 1103 1166 1143 Respuens
1190 1115 1345 1145 prospera

1049 1151 1131 1182 vitae
1156 1152 1312 1195 volubilis,

1001 1196 1155 1229 Decorem
1179 1200 1302 1238 patriae

1049 1244 1268 1277 desiderabilis

1096 1291 1215 1326 dilexit.

943 1348 974 1378 2.
1000 1346 1156 1379 Deserens
1181 1347 1323 1381 funditus

1045 1403 1133 1425 arma
1157 1396 1289 1428 militiae

1000 1441 1153 1481 Peragrat
1175 1443 1320 1474 exsulans

1045 1487 1123 1519 fines
1146 1489 1338 1529 provinciae,

1001 1534 1110 1566 Carnis
1137 1535 1291 1567 luxuriam

1046 1580 1165 1621 frangit
1190 1584 1292 1614 esurie

1091 1628 1195 1660 nimia.

943 1684 973 1717 3.
1000 1684 1077 1715 Post
1099 1684 1279 1717 idolatriam

1045 1730 1081 1762 fit
1107 1733 1348 1775 catechuminus,

998 1777 1153 1817 Baptismi
1178 1781 1311 1819 grat-iam

1044 1826 1177 1865 suscipit
1199 1828 1353 1871 protinus,

997 1871 1059 1903 Per
1084 1881 1176 1912 quam
1201 1874 1340 1907 abluitur

1043 1920 1206 1958 quodlibet
1229 1920 1351 1954 facinus

1088 1966 1232 2002 hominiS.

1133 2047 1341 2083 Responsoria.

937 2107 967 2138 1.
994 2108 1175 2141 Venerandi
1203 2109 1392 2144 confessoris

1040 2155 1151 2188 Jacobi
1176 2157 1328 2192 solemnia

993 2200 1124 2235 Solvens
1146 2204 1220 2242 jura
1243 2205 1293 2237 sui
1314 2206 1410 2237 moris

1041 2249 1187 2282 Celebret
1211 2252 1356 2294 ecclesia,

992 2295 1055 2327 Per
1078 2306 1170 2337 quem
1194 2301 1303 2338 portat
1327 2299 1496 2333 salvatoris

1040 2343 1154 2384 Jugum
1179 2346 1378 2387 '1¹z>.1‘entasia‚⁷
