1651 2588
691 120 944 155 —190-—

188 218 222 248 2.
247 216 294 247 Te
317 217 412 247 vitam
437 226 544 249 veram

289 263 427 294 viventia
452 267 564 295 cuncta
587 265 744 294 creantem

243 309 335 341 Odilo
360 310 523 351 quaesivit,

291 356 393 395 petiit,
419 357 567 396 respexit,
593 356 719 389 amavit.

186 414 217 443 ¹.
242 411 374 443 Actibus
399 412 549 444 innocuus

291 462 320 488 et
344 458 460 489 mundo
486 458 581 490 corde
605 457 714 488 beatus

244 504 434 536 Posthabitis
459 505 553 536 terris

294 550 473 582 conscendit
505 551 639 582 culmina
667 549 790 582 montis.

209 631 215 637 .
241 607 332 639 Odilo
357 608 532 646 protegitur

289 654 466 693 linguarum
489 653 615 685 turbine
639 651 740 684 fracto

242 702 291 732 Ac
315 700 388 731 fidei
414 700 514 740 clipeo

288 747 427 778 munitur
460 748 498 779 ab
531 748 621 779 hoste
645 747 789 786 maligno.

211 830 217 836 .
244 803 338 835 Hunc
361 803 447 835 Deus
472 804 651 843 assumpsit,

290 859 359 881 cum
383 851 492 883 mundi
515 851 610 883 noxia
633 850 763 890 sprevit,

246 896 431 929 Glorificans
457 898 553 937 coelo,

293 953 352 983 quo
377 943 477 983 fulget
501 944 686 984 splendidus
704 943 791 975 ordo.

211 1024 217 1031 .
244 1000 352 1031 Justus
376 1000 410 1031 in
435 1002 567 1032 ecclesia

294 1047 440 1086 splendet
462 1050 498 1078 ut
521 1046 655 1078 frondea
678 1047 792 1087 palma,

240 1093 435 1131 Multiplices
460 1093 580 1125 fructus

292 1140 434 1178 pandens
452 1148 507 1171 ceu
524 1140 657 1180 mystica
669 1140 791 1170 crcdus.

309 1230 354 1264 In
381 1234 411 1265 3.
437 1232 660 1265 Nocturno.

387 1297 433 1323 Ad
454 1297 581 1324 Cantica.

176 1355 215 1387 A.
247 1354 349 1394 Odilo,
374 1355 423 1386 vir
449 1356 561 1394 clarus‘

296 1401 401 1433 divino
428 1401 571 1442 dogmate
594 1402 715 1441 plenus,

916 214 1103 253 Despiciens
1128 221 1240 246 aurum·

965 261 1086 291 coelum
1105 261 1170 299 ¹jam
1195 259 1339 299 possidet
1352 258 1466 299 ipsum,

915 307 1009 338 Nunc
1030 307 1148 346 J'ubilat
1170 307 1272 338 laetus

966 354 1094 385 coelesti
1117 362 1202 392 pane
1225 351 1371 385 refectus,

1011 456 1057 488 In
1082 454 1309 487 Laudibus.

879 549 886 555 .
917 523 982 561 Quo
1009 522 1061 553 (lie
1084 520 1187 553 factor
1209 520 1373 552 machinae

918 569 1086 608 Requievit
1109 568 1148 600 ab
1175 576 1281 607 opere,

919 616 1011 648 Odilo
1035 615 1146 647 mortis
1171 614 1302 646 foedere

920 662 1059 695 Solvitur
1083 663 1186 694 carnis
1212 670 1346 703 carcere,

916 710 1111 741 Lucescente
1131 710 1197 748 jam
1221 717 1352 748 vespere

918 758 956 790 In
980 757 1115 796 primam
1139 756 1282 797 Sabbati,

918 804 1071 843 Disrupto
1096 803 1197 835 noctis
1223 802 1346 834 vinculo

922 852 969 884 Ut
991 854 1137 890 resurgat
1164 859 1230 881 cum
1256 849 1410 888 Domin0;

881 923 887 929 .
917 898 1043 930 Erectis
1068 906 1190 928 sursum
1214 896 1323 938 oculis,

920 945 1133 976 Valedicendo
1157 942 1240 985 filiis,

921 991 1016 1023 Salva
1040 991 1152 1021 mentis
1176 989 1328 1021 memoria

920 1038 1036 1069 Laetus
1061 1037 1145 1069 redit
1163 1037 1203 1068 ad
1228 1036 1368 1075 propria.

1039 1110 1085 1137 Ad
1103 1110 1284 1137 Benedictus.

849 1168 889 1199 A.
919 1168 1081 1200 Ecclesiae
1105 1168 1275 1207 splendens

968 1213 1105 1246 effloruit
1128 1214 1220 1246 Odilo
1246 1214 1361 1253 lumen,

923 1261 1078 1294 Cordibus
1103 1271 1121 1292 a
1148 1261 1254 1292 multis

968 1308 1020 1348 qui
1044 1308 1136 1339 tersit
1159 1307 1267 1339 nubila
1292 1309 1403 1348 noetis,

923 1354 1016 1394 Cujus
1041 1355 1080 1386 ab
1106 1363 1161 1386 ore
1184 1362 1273 1385 sacro

968 1402 1094 1441 pietatis
1119 1401 1239 1441 prodiit
1262 1401 1351 1433 ordo.

249 1476 368 1511 Antiph.
383 1484 434 1502 ms.
451 1476 641 1504 Gluniaeense
652 1476 686 1510 (?)
699 1484 772 1502 saec.
783 1473 825 1503 13.
842 1475 909 1502 Ood.
923 1476 1045 1503 Parisin.
1062 1474 1141 1504 1087.
1158 1490 1192 1494 —
1207 1477 1264 1504 Die
1277 1476 1470 1513 zugehiiiigen

177 1511 220 1538 BR
242 1513 308 1540 sind
326 1515 359 1540 in
376 1513 468 1541 Prusa
486 1514 545 1541 und
565 1515 736 1549 Reimprosa
754 1513 903 1548 abgefasst.

599 1614 643 1644 72.
683 1614 726 1644 De
746 1614 854 1644 sancta
875 1613 1059 1655 Opportuna.

316 1685 362 1716 In
389 1684 419 1715 1.
445 1684 658 1722 Vesperis.

390 1757 583 1793 Antiphonae.

190 1818 220 1849 1.
247 1816 349 1853 Salvo,
376 1815 474 1855 virgo,
499 1816 595 1855 salve,
621 1816 684 1857 pia,

295 1863 397 1901 Salve,
425 1862 540 1894 decora
563 1863 677 1902 specie,

249 1910 371 1949 Sponsa
391 1909 474 1948 regis
499 1913 530 1941 et
552 1909 628 1949 filia,

295 1956 452 1996 Splendor
472 1957 718 1995 misericordiae,

248 2004 351 2043 Salve,
378 2002 479 2035 caecis
506 2004 605 2035 dulcis
629 2004 689 2043 via,

292 2050 481 2090 Exemplum
504 2051 685 2090 patientiae,

245 2097 390 2130 Exclude
415 2098 519 2129 cordis
544 2098 629 2140 vitia,

293 2144 344 2176 Da
369 2145 484 2176 donum
508 2144 691 2184 sapientiae.

191 2222 222 2252 2.
249 2220 433 2259 Opportuna
456 2220 609 2260 piissima,

296 2266 387 2299 Omni
408 2267 504 2306 plena
529 2267 704 2309 dulcedine,

247 2315 403 2356 Exonera,
430 2314 636 2354 sanctissima,

293 2361 357 2393 Nos
383 2360 421 2393 ab
447 2361 531 2393 omni
554 2361 726 2401 pecamine,

922 1684 968 1717 Ut
991 1687 1044 1715 tuo
1068 1684 1110 1715 ad
1134 1683 1287 1714 altissima

966 1730 1238 1762 Transcendamus
1263 1732 1453 1770 precamine.

889 1809 895 1815 .
923 1787 947 1819 O
974 1786 1051 1818 felix
1075 1787 1181 1826 proles
1206 1787 1302 1826 regia,

924 1833 1008 1872 Quae
1047 1836 1109 1865 tam
1153 1833 1278 1873 dignam
1321 1836 1473 1873 produxit

1245 1880 1354 1920 filiam,

924 1927 1009 1966 Quae
1034 1936 1128 1960 curae
1152 1928 1262 1959 mundi
1285 1929 1392 1961 nescia

924 1974 1042 2006 Summi
1067 1975 1150 2015 regis
1167 1975 1312 2015 percepit
1328 1977 1472 2016 gratiam,

923 2022 1058 2054 Pudoris
1083 2021 1188 2053 ferens
1212 2022 1282 2054 lilia

922 2069 975 2100 Ad
990 2069 1156 2101 coelestem
1168 2069 1314 2109 pervenit
1326 2070 1471 2108 patriam.

891 2150 898 2156 .
924 2125 1045 2165 sponso
1072 2126 1169 2157 exivit
1193 2125 1286 2158 obvia

922 2172 1045 2212 Sponsa
1069 2182 1199 2207 servans
1223 2173 1359 2213 vigilias,

923 2219 1022 2251 Thori
1048 2220 1156 2252 delicti
1180 2221 1288 2252 nescia

924 2267 1073 2298 Introivit
1097 2268 1139 2299 ad
1163 2268 1301 2307 nuptias,

926 2313 1004 2345 Suas
1029 2312 1094 2345 fert
1117 2315 1203 2354 patri
1225 2315 1293 2348 filia

928 2360 1091 2394 castitatis
1115 2362 1281 2401 primitias.
