1650 2587
262 178 432 218 Superavit

309 224 423 256 fluctus
448 226 480 256 et
504 222 632 257 flumina

260 271 362 304 Maris
387 271 490 311 hujus.

203 338 235 371 2.
261 338 281 371 J
284 337 438 369 ubilemus

310 385 489 416 sanctorum
514 384 659 424 Domino,

262 431 320 465 Cui
346 430 487 463 Galixtus

307 479 436 518 perenni
460 478 562 518 jubilo

262 526 339 559 Cum
363 526 481 558 sanctis
502 526 628 566 jubilat.

202 593 233 624 3.
258 591 430 632 Invigilans

310 639 482 670 commissis
508 639 618 672 ovibus

263 685 356 718 Pavit
380 694 506 727 gregem

308 733 437 765 Domini
461 732 590 766 sedulus

261 782 377 813 Pastor
398 780 545 820 pervigil.

201 847 234 879 4.
259 845 432 878 Benedixit

309 892 450 925 Calixtus
475 892 619 934 Domino,

260 939 349 978 Quod
374 937 520 971 addictus

307 985 397 1026 gravi
421 985 577 1025 supplicio

260 1034 322 1065 Pro
348 1041 383 1064 eo
406 1032 537 1073 patitur.

201 1101 231 1132 5.
259 1098 408 1131 Psalterii

307 1145 399 1177 simul
425 1147 456 1176 et
481 1144 621 1176 citharae

259 1192 385 1225 Pcritus
412 1193 518 1224 cantat

306 1238 439 1271 laudans
464 1238 591 1271 assidue

259 1287 309 1318 De
332 1287 426 1317 coelis
450 1286 628 1317 Dominum.

723 83 958 118 -55-

1055 178 1099 206 Ad
1120 178 1304 206 Benedictus.

869 235 909 267 A.
941 235 1116 269 Sanctitate

984 283 1095 322 juncta
1114 282 1259 322 ,iustitiae

940 329 1043 362 Servit
1068 330 1135 361 Deo

986 376 1078 416 pulsa
1104 375 1274 408 formidine

940 424 1017 456 Cum
1041 425 1175 463 tyranno

983 471 1093 509 juncto
1119 469 1289 502 certamino

939 517 1035 557 Vicit,
1059 516 1159 549 refert

986 564 1125 604 palmam
1148 563 1308 596 victoriae.

1005 678 1051 710 In
1077 679 1108 710 2.
1136 676 1162 708 V
1174 685 1244 716 esp
1255 676 1350 708 eris,

1060 751 1105 778 Ad
1124 750 1301 786 Magnificat.

905 844 911 851 .
944 818 1000 851 Vir
1024 817 1155 857 Calixte‚

988 864 1116 896 Domini
1140 865 1242 904 gratia

944 912 1041 950 Quem
1061 912 1208 943 solemnis

988 957 1074 989 canit
1098 958 1240 997 ecclesia,

940 1005 987 1037 Te
1010 1013 1186 1044 precamur,

987 1051 1062 1083 audi
1086 1052 1276 1091 precamina,

942 1097 1118 1130 Sentiamus

987 1147 1042 1177 tua
1066 1144 1223 1185 suffragia,

941 1192 986 1224 Ut
1008 1191 1050 1223 ad
1075 1192 1179 1231 prima

987 1239 1138 1271 ducamur
1161 1239 1286 1279 gaudia.

264 1362 350 1388 Brev.
371 1370 422 1388 ms.
443 1360 665 1388 Marchianense
686 1369 760 1388 saec.
783 1359 826 1388 12.
848 1360 917 1389 Cod.
937 1362 1066 1389 Duacen.
1091 1358 1150 1388 134.
1177 1361 1242 1388 add.
1263 1368 1326 1387 saeo
1358 1358 1380 1377 ¹⁵
1400 1368 1434 1387 u.

187 1399 223 1426 In
243 1399 322 1426 allen
337 1398 421 1426 Noct.
434 1399 474 1425 ist
487 1395 508 1424 R
522 1396 542 1426 4
554 1398 712 1434 prosaisch.
732 1411 770 1417 -—
789 1399 824 1426 Iu
839 1397 866 1425 2.
880 1398 968 1435 Vesp.
984 1398 1021 1425 ad
1035 1399 1133 1435 Magn.
1148 1396 1179 1431 Α,
1196 1397 1230 1426 10
1251 1398 1421 1425 reducamur
1436 1398 1490 1426 Hs.

640 1563 681 1596 18.
721 1564 764 1595 De
783 1564 890 1596 sancto
912 1564 1056 1596 Deodato.

327 1653 372 1685 In
398 1654 429 1686 1.
455 1652 670 1693 vesperis.

401 1727 596 1764 Antiphonae.

199 1796 228 1829 1.
256 1797 370 1831 Omnes
394 1805 458 1827 una
479 1796 661 1836 congregati

303 1843 356 1875 Ad
381 1842 463 1875 tanti
486 1842 613 1875 laudem
633 1842 790 1882 praesulis

257 1891 417 1924 Solemnia
443 1890 581 1922 Deodati

304 1938 515 1970 Decantemus
542 1947 612 1969 cum
636 1937 783 1970 modulis

197 1997 229 2028 2.
257 1995 369 2027 Gratia
392 1994 453 2026 Dei
477 1994 653 2034 praeditus,

302 2041 349 2074 Ut
374 2041 423 2074 cui
448 2041 520 2080 plus
546 2042 762 2081 committitur,

254 2089 398 2122 Antistes
422 2088 501 2128 legit
523 2088 661 2130 inclitus,

303 2137 380 2170 Plus
403 2135 444 2168 ab
471 2144 507 2167 eo
532 2135 676 2176 exigitur.

196 2196 227 2228 3.
259 2194 489 2227 Nivernensem
513 2192 729 2233 praesulatum

300 2240 379 2273 Mox
403 2240 534 2280 reliquit
558 2240 748 2281 Ammonita‚

252 2289 381 2322 Timens
406 2287 555 2328 praebuit
578 2296 614 2319 se
637 2291 762 2328 gratum

300 2336 369 2369 Deo
394 2334 498 2367 factus
525 2335 664 2368 eremita.

880 1655 912 1687 4.
939 1654 1034 1694 Spem
1059 1654 1169 1686 salutis
1193 1654 1402 1694 praedicabat

984 1701 1162 1733 Virtutibus
1187 1701 1373 1733 sublimatus

935 1749 980 1781 Et
1004 1757 1118 1788 egenos
1143 1748 1341 1781 sustentabat

982 1795 1045 1828 Dei
1068 1804 1198 1827 munere
1223 1796 1352 1831 ditatuS.

879 1873 910 1904 5.
938 1872 1004 1904 Iste
1028 1873 1078 1904 vir
1100 1872 1248 1904 Israelita

984 1919 1164 1951 Promeruit
1189 1919 1342 1961 decorari,

937 1967 996 2006 Qui
1022 1969 1086 1999 stat
1108 1966 1141 1997 in
1165 1969 1298 2006 utraque
1321 1967 1388 1998 vita

987 2013 1063 2046 Gum
1088 2022 1233 2053 supremo
1259 2014 1411 2054 angulari.

1051 2106 1096 2134 Ad
1118 2105 1298 2142 Magnificat.

864 2194 904 2226 A.
936 2192 1021 2226 Clari
1046 2192 1120 2225 festi
1145 2192 1327 2232 praesentia

933 2239 1041 2273 Omnis
1066 2239 1170 2272 fidelis
1195 2240 1300 2272 anima

933 2287 1047 2320 Cot-dis
1073 2287 1210 2319 exsultet
1230 2287 1332 2327 Jubilo

936 2336 975 2368 In
1002 2334 1127 2368 Christo
1151 2335 1173 2368 J
1175 2344 1229 2367 esu
1253 2335 1398 2375 Domino,
