1650 2587
211 179 241 209 3.
266 177 317 209 Ex
342 177 447 217 patria
471 176 572 208 sancti
951 176 1117 210 Laetificas
1142 177 1262 209 meritis

315 228 430 257 nautae
460 223 643 256 venerabile
668 228 822 264 quaerunt
995 225 1146 258 Floscelli
1171 225 1239 257 sive
1260 224 1369 265 tueris,

270 269 392 310 Corpus
418 272 450 301 et
473 270 633 303 inventum
949 273 1008 311 Qui
1032 271 1122 304 nobis
1147 274 1265 314 pastor,

312 317 437 357 patriae
454 327 524 349 cum
540 318 637 350 laude
654 318 817 351 reducunt.
996 321 1087 359 pater
1110 321 1158 351 est
1182 322 1214 351 et
1235 318 1360 351 luminis
1378 321 1497 351 auctor.

210 374 241 407 4.
267 373 466 406 Conveniunt
488 374 567 414 noti,

313 420 451 453 confines
476 424 570 462 atque
594 422 764 462 propinqui

262 468 313 500 Ac
336 468 540 509 margaritam

313 514 453 548 condunt
483 517 673 549 veneranter
706 515 818 548 hones·
1069 534 1113 561 Ad
1133 534 1310 570 Magnificat-

590 567 665 595 tam.

208 620 238 652 5.
265 619 419 660 Martyris
443 620 485 651 ad
510 621 663 652 tumulum

312 667 337 698 si
365 666 434 707 quis
460 667 609 699 conducit
633 675 773 709 egenum,

265 713 315 745 Ex
341 714 408 754 ejus
433 714 553 746 meritis

313 759 416 793 fertur
440 761 599 794 medicina
620 761 742 794 salutis.

1020 453 1066 484 In
1092 453 1123 484 2.
1150 450 1364 490 Vesperis.

876 603 915 634 A.
945 603 969 635 O
994 604 1124 644 martyr,
1149 602 1295 642 proprios

994 659 1095 689 serva,
1122 648 1327 688 sanctissime,
1354 657 1472 689 servos,

948 696 1060 729 Officio
1088 696 1172 728 vocis

993 744 1046 784 qui
1070 744 1219 775 solvimus
1243 752 1361 783 organa
1382 744 1496 783 laudis,

947 792 993 825 Ut
1016 790 1134 823 reddas
1159 789 1293 823 famulos

384 826 429 853 Ad
448 826 632 854 Benedictus.
996 847 1123 870 securos
1149 838 1238 870 hoste
1262 838 1398 878 maligno

195 883 236 916 A.
268 883 388 922 Gloria,
415 883 550 923 Christe,
577 882 645 923 tibi,
947 885 992 916 Et
1016 889 1117 917 tecum
1142 885 1237 916 ducas

313 931 365 970 qui
390 939 447 961 nos
474 931 514 962 de
536 930 686 969 martyris
710 931 786 962 almi
994 933 1036 965 ad
1060 932 1176 971 gaudia
1200 933 1268 963 luce
1292 931 1393 964 beata.

269 996 354 1023 Brev.
375 995 519 1023 Belnense
543 997 611 1031 imp.
637 1004 659 1022 s.
688 996 707 1022 l.
739 998 769 1023 et
793 1005 817 1024 a.
843 1011 858 1015 ι
905 996 941 1023 In
963 994 987 1023 1.
1008 997 1095 1032 Vesp.
1116 997 1209 1033 gehen
1228 997 1278 1024 der
1298 993 1320 1021 Α
1342 997 1378 1023 ad
1398 997 1496 1033 Magn.

194 1033 259 1061 ffinf
270 1031 318 1059 ΑΑ
340 1041 427 1069 super
438 1032 573 1061 Psalmos
593 1033 706 1067 vorher,
728 1033 776 1061 die
791 1035 861 1061 aber
875 1034 941 1061 teils
960 1035 1108 1069 prasais‘zh
1122 1035 1272 1071 abgefasst,
1293 1034 1358 1061 tcils‘
1374 1034 1499 1061 „anderen

192 1070 317 1136 ((3)ξὲξέῖέ
338 1070 468 1098 entlehnt
488 1071 566 1106 sind3
588 1080 620 1099 so
641 1071 736 1106 gleich
756 1071 792 1098 cli·
825 1073 900 1098 erste
912 1072 975 1099 Ave
996 1074 1106 1107 martyr
1122 1072 1257 1107 gloriose,
1279 1079 1333 1099 ave
1350 1072 1427 1099 sidus
1437 1072 1498 1107 jam

629 1219 676 1250 25.
716 1219 760 1250 De
780 1219 886 1251 sancto
908 1219 1062 1252 Gabriele.

333 1289 379 1320 In
404 1287 434 1320 1.
460 1288 674 1327 vesperis.
945 1289 1107 1321 Adnuntio

477 1362 483 1368 -
991 1337 1056 1376 ,iam
1081 1336 1302 1368 admirabilem

414 1360 609 1397 Antuphonae.
944 1383 1187 1422 Redemptorem

207 1419 237 1453 1·
263 1419 464 1472 ΘᾶΠᾱθᾶῃωῗ
585 1466 591 1472 ,
991 1439 1083 1470 quem
1106 1408 1359 1470 olim'pronnsit.

312 1474 419 1498 omnes
444 1475 477 1497 m
501 1466 647 1505 Dommo,

257 1513 339 1546 Nam
366 1513 496 1546 Gabriel
888 1506 918 1538 3.
946 1505 1061 1537 Beatus
1088 1514 1131 1544 cs,

308 1562 423 1593 missus
448 1563 498 1591 est
521 1560 651 1601 angelus
992 1552 1103 1606 angele
1128 1552 1268 1593 Gabriel,

260 1609 314 1640 Ad
338 1608 485 1648 Mariam,
944 1600 1003 1638 Qui
1028 1607 1156 1652 vemens

305 1656 406 1688 Deum
431 1655 464 1686 in
488 1658 578 1686 utero
989 1646 1099 1687 prod1s
1123 1647 1289 1687 Emanuel,

261 1703 502 1743 Concepturam,
940 1694 1095 1726 Exortum
1123 1697 1170 1726 est

305 1759 417 1791 pacem
440 1749 637 1788 hominibus3
991 1742 1096 1773 lumen
1121 1742 1153 1773 in
1179 1742 1319 1774 tenebris

261 1797 383 1839 Gaude,
410 1797 509 1840 virgo,
943 1790 1051 1821 Rectis
1077 1789 1174 1821 corde

305 1846 352 1878 ita
373 1846 413 1878 de
435 1848 551 1885 cetero,
989 1839 1023 1868 tu
1047 1836 1128 1868 bene
1152 1845 1277 1869 veneris

258 1893 341 1925 Nam
365 1893 483 1934 paries,
941 1883 1034 1916 Nunc
1059 1886 1091 1915 et
1114 1893 1248 1924 semper.

305 1944 342 1972 ut
367 1940 445 1973 dicit
468 1939 632 1972 Dominus.
884 1961 906 1993 4
942 1961 1116 2000 Repleatur

202 2009 233 2040 2·
260 2007 341 2047 AVG,
368 2007 467 2047 virgo,
989 2016 1024 2039 os
1049 2010 1190 2038 nostrum
1218 2007 1374 2048 laudibm,

307 2053 466 2086 Gabrielis
492 2063 556 2094 ore,
941 2054 1119 2087 Laudabile

256 2102 353 2144 Ecce,
378 2100 442 2133 ait:
989 2105 1039 2134 est.
1061 2109 1175 2132 nomen
1200 2101 1338 2145 Domini,

304 2149 407 2181 Deum
434 2150 464 2179 et
488 2147 645 2179 hominem
945 2148 1105 2181 Gabrielis

257 2196 424 2236 Concipies
990 2197 1160 2229 adventum
1186 2196 1327 2240 colimus,

303 2242 442 2276 mirabili
466 2251 564 2283 more,
940 2244 986 2276 Et,
1011 2243 1152 2276 divinum

256 2293 501 2324 Praecursorem
988 2291 1126 2330 laudate,
1153 2292 1254 2331 pueri,

305 2339 458 2372 Dominus
484 2346 534 2369 me
558 2336 654 2377 misit,
942 2339 981 2371 In
1007 2341 1180 2373 aeternum.
