1650 2587
210 207 244 238 2.
271 207 438 249 Veronica,

314 255 393 287 orba
416 255 587 288 luminibus

264 300 477 334 Lacrimando

318 359 377 389 pro
404 350 471 382 viro
496 353 630 390 mortuo,

267 395 440 429 Provoluta

315 443 450 476 Melloni
474 443 610 484 pedibu‘s

270 490 348 523 Cum
373 491 500 531 Lupillo

316 547 393 570 sana
416 537 454 570 fit
479 538 589 571 denuo.

212 595 243 626 3.
270 594 477 635 Rotomagum

318 642 437 674 volenti
461 649 595 682 pergere

270 689 433 729 Apparuit

318 735 452 768 Satanas
481 734 600 768 famulo

269 782 341 823 Dei,
367 783 490 814 minans

318 831 347 862 ei
370 828 534 861 inflectere

269 877 377 911 Vellet
399 877 462 908 iter

319 924 359 956 ab
384 924 440 955 illo
465 925 600 964 popu103

271 972 370 1011 Quem
396 971 553 1003 devictum

319 1017 395 1049 fecit
422 1018 586 1049 discedere

271 1065 389 1097 Christi
414 1073 524 1096 servus

320 1112 421 1143 crucis
447 1112 616 1151 signaculo.

414 1205 619 1240 Responsoria.

214 1268 246 1300 1.
269 1267 349 1300 Erat
376 1267 504 1307 quidam

318 1315 430 1354 plenus
456 1314 630 1354 daemonio,

271 1362 330 1401 Qui
355 1361 496 1393 Mellono

319 1416 487 1441 occurrens
510 1407 622 1441 obvius

272 1456 437 1488 Mediante

321 1503 422 1535 crucis
447 1502 565 1534 auxilio

269 1550 406 1584 Sanitati

320 1599 414 1630 datur
440 1596 591 1638 celeriu53

202 1645 238 1679 V.
268 1643 434 1686 Baptizari

315 1692 420 1732 poscit
445 1699 514 1722 cum
541 1691 656 1731 gaudio

268 1740 425 1773 Basuinus

318 1787 492 1826 vidensque
515 1783 609 1819 filius,

210 1846 242 1878 2.
268 1844 350 1877 Dum
376 1842 524 1883 Quirinus

318 1892 499 1923 contractus
524 1890 654 1929 genibus

270 1939 323 1971 Sic
347 1937 490 1979 fugatum

317 1985 400 2018 vidit
423 1984 632 2018 daemonium.

269 2033 459 2067 Provolutus

316 2080 450 2113 Melloni
475 2078 612 2119 pedibus

270 2127 468 2170 Implorabat

317 2177 384 2217 ejus
410 2174 573 2214 auxilium,

270 2225 330 2266 Qui
354 2222 489 2255 Melloni

319 2272 449 2303 sanatus
474 2269 622 2309 precibus

269 2317 443 2354 Incolumis

312 2367 383 2400 adit
406 2363 596 2405 hospitium3

809 112 874 148 171
927 132 972 137 —-

881 211 919 243 V.
950 210 1011 242 Ille
1035 210 1151 250 spretis

1000 257 1129 289 deorum
1155 257 1290 290 cultibus

954 303 1128 337 Confitetur

998 351 1122 384 Mariae
1146 352 1254 386 filium.

895 419 924 450 3.
951 418 1053 449 Annis
1080 420 1150 450 octo

999 464 1125 504 quidam
1153 464 1293 497 officium

951 512 1111 545 Amiserat

1001 558 1210 591 membrorum
1236 559 1382 599 omnium,

951 605 1035 637 Dum
1058 605 1189 638 Melloni

1000 661 1131 692 poscens
1157 653 1304 685 auxilium

954 698 1104 731 Sanitatis

1000 747 1135 786 sumpsit
1158 747 1343 786 remedium,

884 794 922 826 V.
952 794 1070 825 Laetus
1094 794 1156 826 Dei

1001 840 1185 873 collaudans
1208 840 1307 873 filium

955 889 1145 927 Properavit

1003 935 1044 967 ad
1070 934 1299 975 baptisterium.

1020 1090 1057 1121 In
1084 1092 1114 1124 3.
1141 1090 1199 1122 No
1212 1093 1370 1125 cturno.

1097 1164 1291 1200 Antiphonae.

897 1232 928 1264 1.
953 1231 1036 1263 Dum
1060 1231 1092 1263 in
1118 1234 1211 1263 nocte

997 1278 1112 1310 natalis
1137 1278 1266 1310 Domini

955 1324 1138 1357 Celebraret

1000 1375 1110 1412 pastor
1135 1372 1288 1413 egregius,

954 1419 1056 1459 Super
1082 1422 1175 1460 caput

1002 1467 1069 1505 eJus
1096 1467 1207 1498 enituit

954 1514 1055 1548 Jubar
1079 1514 1237 1554 quoddam

1000 1561 1066 1593 sole
1091 1561 1236 1594 lucidius.

896 1630 927 1661 2.
955 1627 1072 1660 Christi
1095 1628 1223 1668 praesul

1000 1676 1151 1707 trecentis
1175 1674 1298 1707 vicibus

954 1722 1017 1754 Die
1040 1726 1149 1754 noetu-

1002 1777 1062 1810 que
1086 1768 1216 1801 flectens
1240 1778 1350 1809 genua,

954 1816 1126 1850 insistebat

1001 1864 1196 1897 orationibus

956 1912 1095 1944 Caritate

1002 1958 1129 1990 fervens
1155 1959 1312 1991 continua.

897 2028 929 2060 3.
955 2025 1098 2065 Quodam
1124 2025 1175 2056 die

1002 2080 1115 2112 panem
1138 2070 1332 2111 pauperibus

953 2119 1114 2152 Praebens
1138 2127 1265 2151 manum

1004 2167 1168 2206 cujusdam
1189 2165 1312 2198 aridam

957 2214 1027 2247 Suis
1052 2217 1185 2254 tangens

1003 2261 1163 2296 Mellonus
1188 2260 1331 2293 manibus

956 2310 1018 2343 Dei
1042 2313 1120 2341 nutu

1004 2356 1146 2389 reddidit
1170 2356 1318 2390 validam.
