1650 2587
775 135 1021 169 —147—

304 228 439 261 Fontem
462 228 553 261 nobis
578 231 699 269 gratiae

302 277 347 309 Et
370 285 459 316 spem
483 277 595 309 veniae

303 324 370 357 Fac
394 324 595 364 placabilem,

303 371 453 404 Habilem

303 418 405 451 Nobis
431 420 601 451 condolens

306 467 434 500 Crimen
458 466 587 498 abolens

306 513 418 546 Carnis
442 513 570 554 impiae,

303 559 421 594 Confer
444 560 591 592 lacrimas

303 608 523 640 Poenitentiae

302 655 348 687 Et
370 664 458 695 spem
482 655 645 694 imprimas

303 702 533 743 Indulgentiae.

1057 232 1102 263 In
1130 231 1160 262 2.
1188 230 1403 269 VesperiS.

1107 304 1153 331 Ad
1172 303 1350 340 Magnificat.

917 374 956 406 A.
990 372 1123 404 Terram
1147 371 1240 402 simul
1259 369 1385 403 fodiunt

1033 418 1173 451 Zosimas
1197 420 1229 449 et
1250 418 1311 458 leo,

987 467 1054 506 Qua
1079 474 1192 504 corpus
1217 465 1371 504 operiunt,

1034 514 1154 553 Corpus
1179 514 1303 552 gratum
1327 512 1406 552 Deo,

985 560 1048 592 Hic
1073 563 1104 592 et
1128 560 1206 590 haec
1228 559 1262 590 in
1287 561 1393 599 patria

1032 609 1105 641 Jam
1130 605 1277 638 fruuntur
1303 615 1350 646 eo,

985 655 1068 687 Suae
1091 653 1195 694 precis
1220 654 1322 693 gratia

1034 701 1100 734 Nos
1126 701 1303 732 conducant
1326 709 1371 734 eo,

310 777 395 804 Brev.
417 784 469 804 ms.
483 777 644 804 Broniense
664 785 739 804 saee.
756 774 800 803 15.
816 775 885 803 Cod.
900 775 1008 803 Semin.
1022 776 1194 803 Namurcen.
1216 783 1237 802 s.
1259 784 1285 801 n.
1307 789 1342 793 —-
1363 775 1399 802 In
1414 773 1437 802 L
1453 776 1537 803 Noct.

232 812 255 840 Α
278 813 304 848 2,
326 812 344 842 3
364 815 521 842 succendit.
547 830 580 834 ——
600 813 622 840 Α
643 812 669 848 2,
691 812 708 841 5
729 815 916 841 consumitur.
938 830 974 834 —
996 811 1016 839 R
1037 812 1063 848 4,
1085 811 1102 841 3
1116 812 1281 840 Revelatur.
1301 827 1337 831 —
1357 813 1393 840 In
1413 810 1438 840 3.
1453 813 1536 841 Noct.

234 850 254 878 R
277 851 301 886 1,
323 850 341 880 8
360 853 509 888 canisque.
530 868 568 872 —
591 850 610 878 Β
632 849 659 885 3,
682 850 697 879 1
717 852 831 879 transit.
851 867 889 872 —
908 852 942 879 In
963 851 1055 879 Laud.
1077 850 1099 877 Α
1123 848 1147 883 1,
1170 848 1184 877 1
1205 850 1240 878 In
1260 852 1411 886 patienter.

625 954 671 985 55.
717 954 760 984 De
783 961 806 985 s.
826 951 926 984 Maria
945 951 1148 992 Aegyptiaca.

368 1024 413 1055 In
441 1024 471 1057 1.
499 1024 715 1063 Vesperis.

423 1098 469 1125 Ad
488 1097 665 1133 Magnificat.

227 1156 268 1189 A.
298 1156 436 1188 Instanti
460 1156 611 1187 solemnio

297 1204 477 1243 Assurgens
504 1203 629 1235 devotio

925 1022 956 1053 3.
983 1021 1145 1061 Quandam
1171 1022 1348 1051 currentem

1029 1068 1169 1099 Zosimas
1190 1067 1247 1098 sed
1263 1070 1351 1099 veste
1377 1071 1535 1099 carentem

983 1115 1074 1147 Vidit
1099 1115 1127 1144 et
1155 1114 1292 1154 expavit,

1030 1160 1175 1201 quoniam
1192 1161 1381 1199 phantasma
1396 1162 1533 1201 putavit.

346 1250 467 1282 Nostra
490 1250 677 1291 gratuletur,
1122 1235 1326 1288 Responsona.

298 1298 422 1330 Mariae
448 1297 628 1338 Aegyptiae
923 1285 954 1317 1.
981 1283 1033 1316 Ad
1057 1283 1181 1315 Mariae
1306 1331 1312 1337 ι

297 1345 418 1376 Laudis
442 1343 636 1376 multifariae
1026 1330 1153 1383 laudem
1176 1330 1354 1370 Aegyptum

344 1392 468 1423 Titulus
493 1392 635 1423 donetur.
980 1378 1050 1410 VOX
1074 1376 1189 1416 ublque

362 1506 392 1537 A
404 1506 423 1537 d
448 1505 663 1537 Matutinu
674 1514 715 1535 m.

429 1571 644 1598 Invitatorium.

296 1629 396 1671 Deus,
424 1629 512 1668 cujus

1026 1426 1117 1456 sonet
1139 1424 1288 1464 laetitiae,

981 1471 1107 1504 Gaudet
1131 1471 1197 1510 ers

1028 1519 1067 1551 de
1089 1518 1285 1559 poenitentia

977 1566 1024 1598 Et
1048 1565 1186 1598 exsultat

1028 1613 1171 1645 coelestis
1198 1612 1294 1645 curia.

341 1677 424 1708 mira
448 1676 615 1708 clementia
909 1660 947 1692 V.
979 1660 1129 1693 Germine
1152 1669 1214 1691 non
1239 1660 1352 1691 humili

294 1724 331 1756 In
356 1724 462 1757 Maria
1027 1708 1135 1748 genuit
1160 1716 1250 1747 quam
1276 1707 1381 1747 patria
1405 1707 1481 1741 Nili,

340 1772 440 1804 claret
462 1771 632 1814 Aegyptia,
921 1766 953 1798 2.
979 1764 1077 1797 Vultu
1102 1764 1198 1802 clara,

386 1819 576 1852 Adoremus.
1028 1812 1114 1844 clara
1137 1811 1306 1851 natalibus,

353 1924 398 1956 ln
425 1924 455 1957 1.
482 1924 713 1956 Nocturno.

437 1989 632 2025 Antiphonae.

235 2049 265 2081 1.
291 2048 449 2088 Egressus
473 2047 556 2079 zella

340 2094 544 2135 proficiscens
569 2095 612 2126 ad
637 2104 720 2127 nova
745 2095 830 2128 bella

291 2143 372 2174 Fert
395 2145 484 2174 trans
509 2142 683 2175 Jordanem

337 2190 481 2222 Zosimas
494 2198 553 2229 pro
566 2193 710 2229 tempore
721 2200 845 2231 panem.

233 2250 263 2281 2.
291 2247 416 2280 Stratus
441 2246 527 2278 humi
552 2246 668 2287 plorat,

339 2295 459 2328 socium
483 2294 545 2326 sibi
571 2295 695 2334 quaerit
719 2298 751 2327 et
767 2298 846 2336 orat,

290 2343 381 2383 Quod
406 2342 497 2383 petit,
522 2343 700 2383 assequitur

338 2391 505 2435 sociusque
529 2390 590 2422 sibi
614 2391 782 2433 reperitur.

906 2145 944 2177 V.

919 2250 951 2283 3.

978 1858 1158 1893 Inhonestis

1025 1907 1161 1939 obscura
1184 1905 1334 1946 moribUS,

978 1955 1079 1988 Plena
1103 1953 1213 1985 laxans

1026 2000 1117 2033 frena
1142 2000 1293 2032 lasciviae

977 2048 1109 2081 Nullum
1135 2048 1219 2080 cavit

1025 2104 1103 2136 opus
1126 2094 1283 2127 infamiae.

975 2143 1127 2176 Historiis
1153 2143 1308 2174 scelerum

1024 2190 1213 2230 contempsit
1231 2199 1383 2230 quemque
1399 2189 1530 2223 dierum.

976 2248 1060 2280 Dum
1084 2248 1167 2279 hanc
1191 2247 1343 2287 templum

1022 2296 1162 2327 intrante
1187 2295 1328 2335 quolibet

976 2343 1032 2375 Vis
1056 2343 1178 2375 intrare

1025 2391 1133 2424 divina
1155 2390 1312 2435 prohibet,

1302 2445 1361 2477 10*
