1650 2587
703 106 841 142 -65

380 199 586 234 Responsoria.

205 277 213 284 .
240 254 353 287 Portas
379 259 428 287 est
451 257 538 289 urbis

286 310 430 342 egressus
456 306 488 335 et,
511 304 605 336 altius
631 306 751 346 haeret,

241 347 379 382 Consilio
404 351 577 390 quaerebat
599 352 672 393 iter,

286 398 371 436 quod
396 398 499 430 eundo
524 402 656 443 teneret,

240 442 348 481 Quave
372 447 535 478 secuturos

291 492 397 530 polius
422 492 546 525 ratione
571 496 715 535 caveret3

200 562 206 570 .
238 537 319 569 Nam
346 538 399 579 qui
424 541 609 582 peccabant,

287 594 394 618 arcum
434 587 665 627 pharetrasque
699 596 792 628 para-

565 634 651 667 bant.

207 714 214 721 .
242 688 400 728 Properat,
424 691 545 722 orando

287 736 475 768 Rhodanum
493 738 630 769 transire
642 738 790 780 natando,

239 782 359 823 Dirigit
382 791 525 823 egressus

288 830 320 861 in
347 832 501 863 communi
526 840 641 872 agge-re
657 841 792 873 gressus,

242 877 294 908 Ad
319 878 425 910 Jarem
451 879 575 918 capitur

285 921 415 956 fluvium
440 934 498 956 nec
521 926 644 965 longius
668 927 750 965 itur3

189 970 210 1003 ’.
241 969 293 1001 Sic
317 971 350 1002 in
374 974 479 1003 monte
503 971 565 1003 Dei

286 1019 400 1050 meruit
425 1018 532 1050 sedem
558 1019 688 1058 requiei.

206 1097 213 1105 .
238 1072 359 1105 Ductus
385 1074 424 1106 ab
449 1075 540 1106 iratis

284 1121 427 1153 manibus
445 1124 518 1160 post
542 1125 630 1161 terga
651 1121 757 1162 ligatis

240 1168 348 1207 Usque
372 1168 573 1200 Brinacensis

285 1218 391 1247 terrae
415 1215 486 1246 loca
511 1219 543 1247 et
567 1216 681 1247 ictibus
708 1216 791 1247 ensis

238 1261 398 1294 Truncato
424 1263 527 1302 capite

288 1309 439 1349 migravit
460 1309 494 1340 in
519 1309 602 1341 atria
625 1309 729 1351 vitae⁴⁷

200 1381 206 1387 .
237 1354 361 1387 Dantur
386 1356 414 1387 ei
441 1356 532 1398 dona,

281 1403 398 1442 lapidis
424 1404 564 1442 pretiosa
588 1411 713 1436 corona.

329 1507 374 1539 In
394 1505 623 1539 Laudibus

381 1571 576 1606 Antiphonae.

199 1655 207 1664 .
230 1630 364 1662 Praeses
392 1628 454 1661 ait:
486 1637 567 1668 quae
591 1630 679 1660 tanta
704 1628 790 1660 necis

280 1674 422 1708 fiducia?
471 1675 589 1708 Christi

236 1723 360 1756 Sectam
385 1723 413 1755 si
437 1721 567 1763 refugis‚

282 1771 443 1811 indulgeo,
470 1779 550 1810 quae
574 1770 721 1803 retulisti.

239 1846 322 1873 Brev.
345 1846 499 1873 Sosmense
519 1846 588 1881 imp.
608 1845 733 1873 Parisiis
756 1842 837 1872 1543.

866 206 896 237 2.
923 205 1008 245 Quae
1032 206 1202 249 promittis,
1231 206 1284 246 ait,

971 254 1040 285 volo
1066 261 1171 285 eorum
1200 254 1313 285 cedere
1331 253 1407 295 ¹iuri,

924 299 981 338 Qui
1005 299 1064 332 tibi
1088 300 1233 333 militiam

971 350 1044 379 sunt
1067 348 1202 387 amplius
1229 347 1410 379 exhibituri.

864 399 895 431 3.
923 397 999 430 Cum
1023 402 1055 430 tc
1078 408 1141 430 non
1165 398 1295 431 flectant

967 446 1058 485 bona,
1076 455 1204 485 praeses
1218 446 1271 487 ait,
1292 447 1375 479 mala
1386 446 1472 485 plec-

1244 496 1322 536 tant,

922 537 1017 579 Quae,
1043 539 1105 571 nisi
1126 539 1295 583 sacrifices,

968 586 1040 626 cito,
1059 595 1148 626 quarn
1167 588 1230 619 sint
1242 588 1338 628 acria,
1359 586 1470 619 disces.

864 639 896 670 4.
923 637 1012 670 Vidit
1036 647 1105 670 eum
1128 637 1213 671 flecti

967 694 1028 717 non
1053 694 1146 724 posse
1169 695 1227 726 per
1244 695 1358 727 aspera
1373 685 1471 719 verba

920 732 1035 773 ‚Tudex‚
1062 731 1162 773 affligi

965 788 1023 818 per
1047 780 1180 812 verbera
1200 781 1296 821 jussit
1323 779 1447 812 acerba.

864 833 881 863 5
921 829 996 862 Cum
1022 839 1081 863 nec
1105 831 1289 864 verberibus

967 879 1052 910 valet
1076 879 1117 910 ad
1142 881 1297 911 scelerata
1321 877 1446 919 referri,

919 924 1054 957 Carcere
1078 926 1274 966 praecipitur

967 972 1072 1004 claudi
1097 973 1154 1004 sub
1180 973 1321 1012 pondere
1346 971 1435 1004 ferri.

1035 1045 1078 1073 Ad
1099 1045 1287 1073 Benedictus.

885 1118 892 1125 .
923 1092 1038 1125 Sancta
1065 1093 1256 1126 Viennenses

969 1140 1028 1171 sibi
1061 1142 1221 1179 praesidio
1246 1143 1342 1181 atque
1366 1141 1473 1173 decori

920 1187 1067 1219 Membra
1092 1186 1198 1219 futura
1222 1186 1285 1218 fide

968 1235 1142 1265 retulerunt
1168 1234 1326 1274 nobiliori,

919 1281 955 1312 In
980 1282 1050 1321 ripa
1073 1281 1218 1313 Rhodani

969 1329 1138 1360 condentes
1163 1329 1316 1361 ulteriori.

989 1423 1032 1454 In
1061 1423 1090 1454 2.
1117 1422 1329 1462 Vesperis.

1036 1486 1081 1514 Ad
1099 1487 1279 1523 Magnificat.

923 1534 971 1566 Ne
996 1535 1150 1567 latitando
1177 1536 1231 1567 diu

968 1585 1090 1622 martyr
1109 1581 1193 1614 foret
1209 1582 1328 1622 absque
1346 1583 1470 1617 decore„

921 1628 1078 1661 Castalius
1103 1630 1152 1660 vir
1176 1629 1366 1670 praecipuus

964 1676 1091 1708 virtutis
1115 1686 1222 1708 amore

917 1723 1085 1756 Basilicam
1111 1725 1263 1763 grandem

964 1769 1110 1803 fundavit
1132 1771 1163 1803 in
1190 1772 1257 1811 ejus
1281 1771 1412 1803 honore.

601 1984 646 2015 22.
687 1985 730 2016 De
750 1985 856 2015 sancto
878 1984 1033 2016 Ferreolo.

297 2066 342 2098 In
370 2066 401 2100 1,
426 2064 644 2104 Vesperis.

376 2129 570 2166 Antiphonae.

196 2207 203 2214 .
228 2179 388 2213 Fidelium
414 2181 528 2218 turma,
554 2178 657 2219 gaude

227 2227 304 2260 Cum
327 2228 463 2263 Vienna,
489 2227 584 2266 plena
608 2226 712 2263 laude,

227 2275 263 2308 In
292 2275 410 2307 honore
438 2274 533 2313 digna
557 2273 617 2305 coli

229 2321 367 2354 Gloriosi
394 2321 551 2355 Ferreoli.

213 2382 338 2407 Dreves,
359 2380 480 2403 Historiae
495 2378 650 2407 rhythmicae.
675 2378 718 2401 111.

857 2067 886 2098 2.
914 2063 1056 2096 Imbutus
1081 2072 1156 2094 vero
1184 2064 1338 2106 dogmate,

914 2111 1010 2143 Sacro
1035 2112 1118 2144 lotus
1143 2110 1344 2152 baptismate,

913 2158 977 2190 Sub
1004 2157 1113 2190 habitu
1138 2158 1269 2189 militari

914 2205 982 2237 Deo
1012 2204 1117 2244 coepit
1140 2203 1298 2240 famulari,

858 2275 888 2307 3.
917 2272 1056 2312 Contigit,
1080 2274 1188 2311 gentes
1212 2272 1326 2311 impias

917 2321 980 2353 Per
1004 2319 1143 2359 singulas
1169 2319 1348 2358 provincias

1282 2374 1299 2402 5
