<?xml version="1.0" encoding="UTF-8"?>
<!DOCTYPE html PUBLIC "-//W3C//DTD XHTML 1.0 Transitional//EN"
    "http://www.w3.org/TR/xhtml1/DTD/xhtml1-transitional.dtd">
<html xmlns="http://www.w3.org/1999/xhtml" xml:lang="en" lang="en">
 <head>
  <title>
</title>
<meta http-equiv="Content-Type" content="text/html;charset=utf-8" />
  <meta name='ocr-system' content='tesseract 3.04.00' />
  <meta name='ocr-capabilities' content='ocr_page ocr_carea ocr_par ocr_line ocrx_word'/>
</head>
<body>
  <div class='ocr_page' id='page_1' title='image "./analectahymnica18drevuoft_00158.png"; bbox 0 0 1651 2588; ppageno 0'>
   <div class='ocr_carea' id='block_1_1' title="bbox 182 230 221 263">
    <p class='ocr_par' dir='ltr' id='par_1_1' title="bbox 182 230 221 263">
     <span class='ocr_line' id='line_1_1' title="bbox 182 230 221 263; baseline -0.026 0"><span class='ocrx_word' id='word_1_1' title='bbox 182 230 221 263; x_wconf 80' lang='lat' dir='ltr'>V.</span> 
     </span>
    </p>
   </div>
   <div class='ocr_carea' id='block_1_2' title="bbox 197 591 228 622">
    <p class='ocr_par' dir='ltr' id='par_1_2' title="bbox 197 591 228 622">
     <span class='ocr_line' id='line_1_2' title="bbox 197 591 228 622; baseline 0 0"><span class='ocrx_word' id='word_1_2' title='bbox 197 591 228 622; x_wconf 88' lang='lat'>1.</span> 
     </span>
    </p>
   </div>
   <div class='ocr_carea' id='block_1_3' title="bbox 191 2160 222 2192">
    <p class='ocr_par' dir='ltr' id='par_1_3' title="bbox 191 2160 222 2192">
     <span class='ocr_line' id='line_1_3' title="bbox 191 2160 222 2192; textangle 90"><span class='ocrx_word' id='word_1_3' title='bbox 191 2160 222 2192; x_wconf 54' lang='grc' dir='ltr'>ἘΦ</span> 
     </span>
    </p>
   </div>
   <div class='ocr_carea' id='block_1_4' title="bbox 708 134 966 171">
    <p class='ocr_par' dir='ltr' id='par_1_4' title="bbox 708 134 966 171">
     <span class='ocr_line' id='line_1_4' title="bbox 708 134 966 171; baseline -0.004 0"><span class='ocrx_word' id='word_1_4' title='bbox 708 134 966 171; x_wconf 80' lang='lat'>—155-</span> 
     </span>
    </p>
   </div>
   <div class='ocr_carea' id='block_1_5' title="bbox 251 231 806 358">
    <p class='ocr_par' dir='ltr' id='par_1_5' title="bbox 251 231 806 358">
     <span class='ocr_line' id='line_1_5' title="bbox 251 231 806 273; baseline -0.002 -8"><span class='ocrx_word' id='word_1_5' title='bbox 251 231 344 265; x_wconf 89' lang='lat' dir='ltr'>Plebi</span> <span class='ocrx_word' id='word_1_6' title='bbox 378 232 518 265; x_wconf 86' lang='lat' dir='ltr'>vinctum</span> <span class='ocrx_word' id='word_1_7' title='bbox 544 241 636 271; x_wconf 85' lang='lat' dir='ltr'>quem</span> <span class='ocrx_word' id='word_1_8' title='bbox 662 232 806 273; x_wconf 80' lang='lat' dir='ltr'>subjecit,</span> 
     </span>
     <span class='ocr_line' id='line_1_6' title="bbox 256 278 676 319; baseline 0.002 -9"><span class='ocrx_word' id='word_1_9' title='bbox 256 279 352 319; x_wconf 88' lang='lat' dir='ltr'>Cujus</span> <span class='ocrx_word' id='word_1_10' title='bbox 376 282 479 311; x_wconf 87' lang='lat' dir='ltr'>morte</span> <span class='ocrx_word' id='word_1_11' title='bbox 503 288 537 310; x_wconf 93' lang='lat' dir='ltr'>se</span> <span class='ocrx_word' id='word_1_12' title='bbox 561 278 676 311; x_wconf 76' lang='lat' dir='ltr'><strong>refecit</strong></span> 
     </span>
     <span class='ocr_line' id='line_1_7' title="bbox 301 326 558 358; baseline 0 0"><span class='ocrx_word' id='word_1_13' title='bbox 301 326 422 358; x_wconf 84' lang='lat' dir='ltr'>Fructu</span> <span class='ocrx_word' id='word_1_14' title='bbox 448 327 558 358; x_wconf 88' lang='lat' dir='ltr'>crucis.</span> 
     </span>
    </p>
   </div>
   <div class='ocr_carea' id='block_1_6' title="bbox 313 449 676 560">
    <p class='ocr_par' dir='ltr' id='par_1_6' title="bbox 313 449 676 560">
     <span class='ocr_line' id='line_1_8' title="bbox 313 449 676 485; baseline -0.006 -3"><span class='ocrx_word' id='word_1_15' title='bbox 313 449 360 482; x_wconf 91' lang='lat' dir='ltr'>In</span> <span class='ocrx_word' id='word_1_16' title='bbox 386 451 418 485; x_wconf 86' lang='lat'>2.</span> <span class='ocrx_word' id='word_1_17' title='bbox 443 449 606 481; x_wconf 84' lang='lat' dir='ltr'>Noctur</span> <span class='ocrx_word' id='word_1_18' title='bbox 618 458 676 481; x_wconf 89' lang='lat' dir='ltr'>no.</span> 
     </span>
     <span class='ocr_line' id='line_1_9' title="bbox 396 523 590 560; baseline 0 -9"><span class='ocrx_word' id='word_1_19' title='bbox 396 523 590 560; x_wconf 84' lang='lat' dir='ltr'>Antiphonae.</span> 
     </span>
    </p>
   </div>
   <div class='ocr_carea' id='block_1_7' title="bbox 253 590 751 771">
    <p class='ocr_par' dir='ltr' id='par_1_7' title="bbox 253 590 751 678">
     <span class='ocr_line' id='line_1_10' title="bbox 253 590 719 623; baseline 0 -1"><span class='ocrx_word' id='word_1_20' title='bbox 253 590 403 622; x_wconf 83' lang='lat' dir='ltr'>Marthae</span> <span class='ocrx_word' id='word_1_21' title='bbox 427 600 517 623; x_wconf 86' lang='lat' dir='ltr'>soror</span> <span class='ocrx_word' id='word_1_22' title='bbox 543 593 592 622; x_wconf 91' lang='lat' dir='ltr'>est</span> <span class='ocrx_word' id='word_1_23' title='bbox 616 590 719 623; x_wconf 86' lang='lat' dir='ltr'>Maria</span> 
     </span>
     <span class='ocr_line' id='line_1_11' title="bbox 300 637 751 678; baseline 0 -9"><span class='ocrx_word' id='word_1_24' title='bbox 300 637 504 678; x_wconf 84' lang='lat' dir='ltr'>Magdalena,</span> <span class='ocrx_word' id='word_1_25' title='bbox 531 647 611 678; x_wconf 85' lang='lat' dir='ltr'>quae</span> <span class='ocrx_word' id='word_1_26' title='bbox 632 639 751 678; x_wconf 65' lang='lat' dir='ltr'>⁸jugiter</span> 
     </span>
    </p>

    <p class='ocr_par' dir='ltr' id='par_1_8' title="bbox 254 685 737 771">
     <span class='ocr_line' id='line_1_12' title="bbox 254 685 618 725; baseline 0.003 -10"><span class='ocrx_word' id='word_1_27' title='bbox 254 685 417 716; x_wconf 80' lang='lat' dir='ltr'><strong>Audiebat</strong></span> <span class='ocrx_word' id='word_1_28' title='bbox 443 685 540 716; x_wconf 90' lang='lat' dir='ltr'>verba</span> <span class='ocrx_word' id='word_1_29' title='bbox 563 686 618 725; x_wconf 89' lang='lat' dir='ltr'>pia</span> 
     </span>
     <span class='ocr_line' id='line_1_13' title="bbox 304 732 737 771; baseline 0 -7"><span class='ocrx_word' id='word_1_30' title='bbox 304 732 422 764; x_wconf 83' lang='lat' dir='ltr'>Christi</span> <span class='ocrx_word' id='word_1_31' title='bbox 447 734 541 771; x_wconf 86' lang='lat' dir='ltr'>atque</span> <span class='ocrx_word' id='word_1_32' title='bbox 566 732 737 765; x_wconf 88' lang='lat' dir='ltr'>humiliter.</span> 
     </span>
    </p>
   </div>
   <div class='ocr_carea' id='block_1_8' title="bbox 220 787 714 820">
    <p class='ocr_par' dir='ltr' id='par_1_9' title="bbox 220 787 714 820">
     <span class='ocr_line' id='line_1_14' title="bbox 220 787 714 820; baseline 0.004 -2"><span class='ocrx_word' id='word_1_33' title='bbox 220 811 227 817; x_wconf 92' lang='lat'><strong><em>.</em></strong></span> <span class='ocrx_word' id='word_1_34' title='bbox 255 787 386 819; x_wconf 82' lang='lat' dir='ltr'>Martha</span> <span class='ocrx_word' id='word_1_35' title='bbox 411 796 485 820; x_wconf 90' lang='lat' dir='ltr'>vero</span> <span class='ocrx_word' id='word_1_36' title='bbox 512 788 714 820; x_wconf 86' lang='lat' dir='ltr'>ministrabat</span> 
     </span>
    </p>
   </div>
   <div class='ocr_carea' id='block_1_9' title="bbox 254 834 654 961">
    <p class='ocr_par' dir='ltr' id='par_1_10' title="bbox 254 834 654 961">
     <span class='ocr_line' id='line_1_15' title="bbox 300 834 654 875; baseline 0 -9"><span class='ocrx_word' id='word_1_37' title='bbox 300 835 369 874; x_wconf 85' lang='lat' dir='ltr'>Ipsi</span> <span class='ocrx_word' id='word_1_38' title='bbox 392 835 477 874; x_wconf 90' lang='lat' dir='ltr'>patri</span> <span class='ocrx_word' id='word_1_39' title='bbox 501 834 654 875; x_wconf 88' lang='lat' dir='ltr'>fidelium,</span> 
     </span>
     <span class='ocr_line' id='line_1_16' title="bbox 254 881 605 914; baseline -0.003 0"><span class='ocrx_word' id='word_1_40' title='bbox 254 881 410 914; x_wconf 89' lang='lat' dir='ltr'>Pietatem</span> <span class='ocrx_word' id='word_1_41' title='bbox 437 882 605 914; x_wconf 83' lang='lat' dir='ltr'>exercebat</span> 
     </span>
     <span class='ocr_line' id='line_1_17' title="bbox 299 929 613 961; baseline -0.003 0"><span class='ocrx_word' id='word_1_42' title='bbox 299 929 442 961; x_wconf 86' lang='lat' dir='ltr'>Utilitati</span> <span class='ocrx_word' id='word_1_43' title='bbox 467 930 613 961; x_wconf 88' lang='lat' dir='ltr'>omnium.</span> 
     </span>
    </p>
   </div>
   <div class='ocr_carea' id='block_1_10' title="bbox 250 984 779 1158">
    <p class='ocr_par' dir='ltr' id='par_1_11' title="bbox 250 984 779 1070">
     <span class='ocr_line' id='line_1_18' title="bbox 250 984 779 1018; baseline -0.002 -1"><span class='ocrx_word' id='word_1_44' title='bbox 250 984 311 1017; x_wconf 87' lang='lat' dir='ltr'>Sed</span> <span class='ocrx_word' id='word_1_45' title='bbox 340 986 477 1018; x_wconf 86' lang='lat' dir='ltr'>clamans</span> <span class='ocrx_word' id='word_1_46' title='bbox 505 988 615 1017; x_wconf 85' lang='lat' dir='ltr'>contra</span> <span class='ocrx_word' id='word_1_47' title='bbox 639 994 779 1017; x_wconf 90' lang='lat' dir='ltr'>sororem</span> 
     </span>
     <span class='ocr_line' id='line_1_19' title="bbox 298 1032 660 1070; baseline -0.003 -6"><span class='ocrx_word' id='word_1_48' title='bbox 298 1032 506 1064; x_wconf 87' lang='lat' dir='ltr'>Ministrabat</span> <span class='ocrx_word' id='word_1_49' title='bbox 529 1033 660 1070; x_wconf 88' lang='lat' dir='ltr'>eminus,</span> 
     </span>
    </p>

    <p class='ocr_par' dir='ltr' id='par_1_12' title="bbox 253 1079 710 1158">
     <span class='ocr_line' id='line_1_20' title="bbox 253 1079 683 1118; baseline -0.005 -6"><span class='ocrx_word' id='word_1_50' title='bbox 253 1079 350 1118; x_wconf 74' lang='lat' dir='ltr'>CuJus</span> <span class='ocrx_word' id='word_1_51' title='bbox 374 1081 497 1118; x_wconf 85' lang='lat' dir='ltr'>partem</span> <span class='ocrx_word' id='word_1_52' title='bbox 521 1079 683 1110; x_wconf 88' lang='lat' dir='ltr'>meliorem</span> 
     </span>
     <span class='ocr_line' id='line_1_21' title="bbox 299 1126 710 1158; baseline 0 -1"><span class='ocrx_word' id='word_1_53' title='bbox 299 1126 419 1158; x_wconf 84' lang='lat' dir='ltr'><strong>Tamen</strong></span> <span class='ocrx_word' id='word_1_54' title='bbox 445 1126 523 1158; x_wconf 87' lang='lat' dir='ltr'>dicit</span> <span class='ocrx_word' id='word_1_55' title='bbox 545 1126 710 1158; x_wconf 83' lang='lat' dir='ltr'>Dominus.</span> 
     </span>
    </p>
   </div>
   <div class='ocr_carea' id='block_1_11' title="bbox 389 1220 596 1255">
    <p class='ocr_par' dir='ltr' id='par_1_13' title="bbox 389 1220 596 1255">
     <span class='ocr_line' id='line_1_22' title="bbox 389 1220 596 1255; baseline -0.01 -8"><span class='ocrx_word' id='word_1_56' title='bbox 389 1220 596 1255; x_wconf 84' lang='lat' dir='ltr'>Responsoria.</span> 
     </span>
    </p>
   </div>
   <div class='ocr_carea' id='block_1_12' title="bbox 250 1286 699 1704">
    <p class='ocr_par' dir='ltr' id='par_1_14' title="bbox 254 1286 698 1326">
     <span class='ocr_line' id='line_1_23' title="bbox 254 1286 698 1326; baseline -0.002 -8"><span class='ocrx_word' id='word_1_57' title='bbox 254 1287 292 1318; x_wconf 77' lang='lat' dir='ltr'>In</span> <span class='ocrx_word' id='word_1_58' title='bbox 316 1286 448 1318; x_wconf 80' lang='lat' dir='ltr'>Martha</span> <span class='ocrx_word' id='word_1_59' title='bbox 473 1286 535 1318; x_wconf 91' lang='lat' dir='ltr'>cibi</span> <span class='ocrx_word' id='word_1_60' title='bbox 558 1286 698 1326; x_wconf 79' lang='lat' dir='ltr'>parcitas</span> 
     </span>
    </p>

    <p class='ocr_par' dir='ltr' id='par_1_15' title="bbox 252 1333 636 1422">
     <span class='ocr_line' id='line_1_24' title="bbox 252 1333 636 1372; baseline -0.003 -7"><span class='ocrx_word' id='word_1_61' title='bbox 252 1333 298 1365; x_wconf 88' lang='lat' dir='ltr'>Et</span> <span class='ocrx_word' id='word_1_62' title='bbox 322 1334 454 1365; x_wconf 88' lang='lat' dir='ltr'>vestitus</span> <span class='ocrx_word' id='word_1_63' title='bbox 480 1334 636 1372; x_wconf 77' lang='lat' dir='ltr'>asperitas</span> 
     </span>
     <span class='ocr_line' id='line_1_25' title="bbox 300 1380 484 1422; baseline -0.005 -10"><span class='ocrx_word' id='word_1_64' title='bbox 300 1380 484 1422; x_wconf 88' lang='lat' dir='ltr'>Viguerunt,</span> 
     </span>
    </p>

    <p class='ocr_par' dir='ltr' id='par_1_16' title="bbox 252 1427 699 1467">
     <span class='ocr_line' id='line_1_26' title="bbox 252 1427 699 1467; baseline -0.002 -8"><span class='ocrx_word' id='word_1_65' title='bbox 252 1428 383 1467; x_wconf 87' lang='lat' dir='ltr'>Mentis,</span> <span class='ocrx_word' id='word_1_66' title='bbox 410 1427 514 1459; x_wconf 88' lang='lat' dir='ltr'>carnis</span> <span class='ocrx_word' id='word_1_67' title='bbox 534 1427 699 1467; x_wconf 81' lang='lat' dir='ltr'>integritas</span> 
     </span>
    </p>

    <p class='ocr_par' dir='ltr' id='par_1_17' title="bbox 254 1473 662 1564">
     <span class='ocr_line' id='line_1_27' title="bbox 254 1473 662 1514; baseline -0.002 -8"><span class='ocrx_word' id='word_1_68' title='bbox 254 1474 471 1514; x_wconf 87' lang='lat' dir='ltr'>Sensuumque</span> <span class='ocrx_word' id='word_1_69' title='bbox 495 1473 662 1514; x_wconf 84' lang='lat' dir='ltr'>frugalitas</span> 
     </span>
     <span class='ocr_line' id='line_1_28' title="bbox 301 1522 455 1564; baseline -0.013 -9"><span class='ocrx_word' id='word_1_70' title='bbox 301 1522 455 1564; x_wconf 84' lang='lat' dir='ltr'>Inierunt,</span> 
     </span>
    </p>

    <p class='ocr_par' dir='ltr' id='par_1_18' title="bbox 251 1569 634 1608">
     <span class='ocr_line' id='line_1_29' title="bbox 251 1569 634 1608; baseline -0.008 -6"><span class='ocrx_word' id='word_1_71' title='bbox 251 1569 349 1602; x_wconf 89' lang='lat' dir='ltr'>Verbi</span> <span class='ocrx_word' id='word_1_72' title='bbox 373 1569 484 1600; x_wconf 82' lang='lat' dir='ltr'>limata</span> <span class='ocrx_word' id='word_1_73' title='bbox 508 1569 634 1608; x_wconf 81' lang='lat' dir='ltr'>raritaS,</span> 
     </span>
    </p>

    <p class='ocr_par' dir='ltr' id='par_1_19' title="bbox 250 1616 653 1704">
     <span class='ocr_line' id='line_1_30' title="bbox 250 1616 653 1656; baseline -0.002 -8"><span class='ocrx_word' id='word_1_74' title='bbox 250 1617 343 1649; x_wconf 89' lang='lat' dir='ltr'>Facti</span> <span class='ocrx_word' id='word_1_75' title='bbox 368 1616 505 1656; x_wconf 82' lang='lat' dir='ltr'>probata</span> <span class='ocrx_word' id='word_1_76' title='bbox 528 1616 653 1647; x_wconf 88' lang='lat' dir='ltr'>bonitas</span> 
     </span>
     <span class='ocr_line' id='line_1_31' title="bbox 297 1663 541 1704; baseline -0.008 -8"><span class='ocrx_word' id='word_1_77' title='bbox 297 1663 541 1704; x_wconf 85' lang='lat' dir='ltr'>Splenduerunt.</span> 
     </span>
    </p>
   </div>
   <div class='ocr_carea' id='block_1_13' title="bbox 247 1719 802 2140">
    <p class='ocr_par' dir='ltr' id='par_1_20' title="bbox 247 1719 802 2140">
     <span class='ocr_line' id='line_1_32' title="bbox 250 1719 682 1761; baseline -0.005 -8"><span class='ocrx_word' id='word_1_78' title='bbox 250 1721 356 1761; x_wconf 85' lang='lat' dir='ltr'>Digna</span> <span class='ocrx_word' id='word_1_79' title='bbox 380 1719 441 1752; x_wconf 82' lang='lat' dir='ltr'>fuit</span> <span class='ocrx_word' id='word_1_80' title='bbox 465 1720 545 1751; x_wconf 86' lang='lat' dir='ltr'>haec</span> <span class='ocrx_word' id='word_1_81' title='bbox 569 1728 682 1751; x_wconf 89' lang='lat' dir='ltr'>sanare</span> 
     </span>
     <span class='ocr_line' id='line_1_33' title="bbox 248 1768 743 1800; baseline -0.004 0"><span class='ocrx_word' id='word_1_82' title='bbox 248 1768 398 1800; x_wconf 87' lang='lat' dir='ltr'>Morbum</span> <span class='ocrx_word' id='word_1_83' title='bbox 425 1776 548 1799; x_wconf 91' lang='lat' dir='ltr'>omnem</span> <span class='ocrx_word' id='word_1_84' title='bbox 575 1770 607 1798; x_wconf 87' lang='lat' dir='ltr'>et</span> <span class='ocrx_word' id='word_1_85' title='bbox 631 1775 743 1798; x_wconf 86' lang='lat' dir='ltr'>curare</span> 
     </span>
     <span class='ocr_line' id='line_1_34' title="bbox 294 1815 748 1855; baseline -0.002 -8"><span class='ocrx_word' id='word_1_86' title='bbox 294 1815 345 1847; x_wconf 90' lang='lat' dir='ltr'>Ab</span> <span class='ocrx_word' id='word_1_87' title='bbox 372 1815 457 1847; x_wconf 88' lang='lat' dir='ltr'>omni</span> <span class='ocrx_word' id='word_1_88' title='bbox 480 1818 573 1855; x_wconf 86' lang='lat' dir='ltr'>peste</span> <span class='ocrx_word' id='word_1_89' title='bbox 597 1815 748 1855; x_wconf 89' lang='lat' dir='ltr'>populum</span> 
     </span>
     <span class='ocr_line' id='line_1_35' title="bbox 248 1863 637 1895; baseline -0.003 0"><span class='ocrx_word' id='word_1_90' title='bbox 248 1863 294 1895; x_wconf 88' lang='lat' dir='ltr'>Et</span> <span class='ocrx_word' id='word_1_91' title='bbox 317 1873 336 1895; x_wconf 87' lang='lat' dir='ltr'>a</span> <span class='ocrx_word' id='word_1_92' title='bbox 359 1865 462 1895; x_wconf 88' lang='lat' dir='ltr'>morte</span> <span class='ocrx_word' id='word_1_93' title='bbox 486 1871 637 1894; x_wconf 88' lang='lat' dir='ltr'>revocare</span> 
     </span>
     <span class='ocr_line' id='line_1_36' title="bbox 248 1908 706 1950; baseline -0.004 -7"><span class='ocrx_word' id='word_1_94' title='bbox 248 1910 321 1943; x_wconf 82' lang='lat' dir='ltr'>Jam</span> <span class='ocrx_word' id='word_1_95' title='bbox 347 1909 513 1942; x_wconf 85' lang='lat' dir='ltr'>defunctos</span> <span class='ocrx_word' id='word_1_96' title='bbox 539 1912 570 1942; x_wconf 86' lang='lat' dir='ltr'>et</span> <span class='ocrx_word' id='word_1_97' title='bbox 595 1908 706 1950; x_wconf 85' lang='lat' dir='ltr'>fugare</span> 
     </span>
     <span class='ocr_line' id='line_1_37' title="bbox 295 1957 802 1998; baseline -0.002 -8"><span class='ocrx_word' id='word_1_98' title='bbox 295 1959 326 1990; x_wconf 91' lang='lat' dir='ltr'>A</span> <span class='ocrx_word' id='word_1_99' title='bbox 354 1958 474 1997; x_wconf 84' lang='lat' dir='ltr'>pressis</span> <span class='ocrx_word' id='word_1_100' title='bbox 499 1966 619 1989; x_wconf 88' lang='lat' dir='ltr'>omnem</span> <span class='ocrx_word' id='word_1_101' title='bbox 646 1957 802 1998; x_wconf 86' lang='lat' dir='ltr'>zabulum,</span> 
     </span>
     <span class='ocr_line' id='line_1_38' title="bbox 247 2003 663 2044; baseline -0.005 -6"><span class='ocrx_word' id='word_1_102' title='bbox 247 2007 364 2039; x_wconf 89' lang='lat' dir='ltr'>Potens</span> <span class='ocrx_word' id='word_1_103' title='bbox 389 2003 451 2036; x_wconf 89' lang='lat' dir='ltr'>fuit</span> <span class='ocrx_word' id='word_1_104' title='bbox 474 2005 663 2044; x_wconf 88' lang='lat' dir='ltr'>praedicare</span> 
     </span>
     <span class='ocr_line' id='line_1_39' title="bbox 248 2052 649 2085; baseline -0.005 0"><span class='ocrx_word' id='word_1_105' title='bbox 248 2053 311 2085; x_wconf 88' lang='lat' dir='ltr'>Dei</span> <span class='ocrx_word' id='word_1_106' title='bbox 335 2052 467 2084; x_wconf 88' lang='lat' dir='ltr'>verbum</span> <span class='ocrx_word' id='word_1_107' title='bbox 492 2054 523 2083; x_wconf 88' lang='lat' dir='ltr'>et</span> <span class='ocrx_word' id='word_1_108' title='bbox 549 2052 649 2084; x_wconf 89' lang='lat' dir='ltr'>vitare</span> 
     </span>
     <span class='ocr_line' id='line_1_40' title="bbox 297 2099 728 2140; baseline 0 -7"><span class='ocrx_word' id='word_1_109' title='bbox 297 2100 397 2133; x_wconf 91' lang='lat' dir='ltr'><strong>Omne</strong></span> <span class='ocrx_word' id='word_1_110' title='bbox 421 2108 518 2140; x_wconf 85' lang='lat' dir='ltr'>grave</span> <span class='ocrx_word' id='word_1_111' title='bbox 541 2099 728 2139; x_wconf 88' lang='lat' dir='ltr'>periculum.</span> 
     </span>
    </p>
   </div>
   <div class='ocr_carea' id='block_1_14' title="bbox 242 2156 763 2435">
    <p class='ocr_par' dir='ltr' id='par_1_21' title="bbox 249 2156 763 2291">
     <span class='ocr_line' id='line_1_41' title="bbox 249 2156 763 2198; baseline -0.004 -9"><span class='ocrx_word' id='word_1_112' title='bbox 249 2157 371 2198; x_wconf 81' lang='lat' dir='ltr'>Gaude,</span> <span class='ocrx_word' id='word_1_113' title='bbox 399 2159 536 2187; x_wconf 82' lang='lat' dir='ltr'>castrum</span> <span class='ocrx_word' id='word_1_114' title='bbox 562 2156 763 2196; x_wconf 87' lang='lat' dir='ltr'>Tarasconis,</span> 
     </span>
     <span class='ocr_line' id='line_1_42' title="bbox 250 2202 744 2245; baseline -0.004 -8"><span class='ocrx_word' id='word_1_115' title='bbox 250 2204 341 2245; x_wconf 80' lang='lat' dir='ltr'>Quod</span> <span class='ocrx_word' id='word_1_116' title='bbox 366 2202 504 2243; x_wconf 82' lang='lat' dir='ltr'>refulges</span> <span class='ocrx_word' id='word_1_117' title='bbox 530 2203 627 2234; x_wconf 88' lang='lat' dir='ltr'>tantis</span> <span class='ocrx_word' id='word_1_118' title='bbox 654 2203 744 2235; x_wconf 90' lang='lat' dir='ltr'>donis</span> 
     </span>
     <span class='ocr_line' id='line_1_43' title="bbox 296 2251 722 2291; baseline -0.005 -7"><span class='ocrx_word' id='word_1_119' title='bbox 296 2252 417 2284; x_wconf 87' lang='lat' dir='ltr'>Beatae</span> <span class='ocrx_word' id='word_1_120' title='bbox 440 2251 590 2283; x_wconf 83' lang='lat' dir='ltr'>Marthae</span> <span class='ocrx_word' id='word_1_121' title='bbox 610 2251 722 2291; x_wconf 86' lang='lat' dir='ltr'>gratia,</span> 
     </span>
    </p>

    <p class='ocr_par' dir='ltr' id='par_1_22' title="bbox 242 2298 735 2435">
     <span class='ocr_line' id='line_1_44' title="bbox 242 2298 674 2338; baseline -0.014 -4"><span class='ocrx_word' id='word_1_122' title='bbox 242 2302 280 2334; x_wconf 89' lang='lat' dir='ltr'>In</span> <span class='ocrx_word' id='word_1_123' title='bbox 306 2300 369 2331; x_wconf 89' lang='lat' dir='ltr'>tuis</span> <span class='ocrx_word' id='word_1_124' title='bbox 394 2307 530 2338; x_wconf 88' lang='lat' dir='ltr'>namque</span> <span class='ocrx_word' id='word_1_125' title='bbox 555 2298 674 2329; x_wconf 89' lang='lat' dir='ltr'>colonis</span> 
     </span>
     <span class='ocr_line' id='line_1_45' title="bbox 248 2344 735 2388; baseline -0.006 -8"><span class='ocrx_word' id='word_1_126' title='bbox 248 2347 368 2388; x_wconf 87' lang='lat' dir='ltr'>Magna</span> <span class='ocrx_word' id='word_1_127' title='bbox 391 2344 470 2377; x_wconf 85' lang='lat' dir='ltr'>fecit</span> <span class='ocrx_word' id='word_1_128' title='bbox 492 2347 557 2377; x_wconf 85' lang='lat' dir='ltr'>tam</span> <span class='ocrx_word' id='word_1_129' title='bbox 582 2345 735 2377; x_wconf 85' lang='lat' dir='ltr'>sermonis</span> 
     </span>
     <span class='ocr_line' id='line_1_46' title="bbox 298 2392 706 2435; baseline -0.005 -9"><span class='ocrx_word' id='word_1_130' title='bbox 298 2395 398 2434; x_wconf 78' lang='lat' dir='ltr'>Quam</span> <span class='ocrx_word' id='word_1_131' title='bbox 422 2392 500 2425; x_wconf 89' lang='lat' dir='ltr'>facti</span> <span class='ocrx_word' id='word_1_132' title='bbox 523 2393 706 2435; x_wconf 83' lang='lat' dir='ltr'>luculentia,</span> 
     </span>
    </p>
   </div>
   <div class='ocr_carea' id='block_1_15' title="bbox 863 231 1357 273">
    <p class='ocr_par' dir='ltr' id='par_1_23' title="bbox 863 231 1357 273">
     <span class='ocr_line' id='line_1_47' title="bbox 863 231 1357 273; baseline 0 -10"><span class='ocrx_word' id='word_1_133' title='bbox 863 232 902 266; x_wconf 92' lang='lat' dir='ltr'>V.</span> <span class='ocrx_word' id='word_1_134' title='bbox 934 232 985 264; x_wconf 84' lang='lat' dir='ltr'>Ne</span> <span class='ocrx_word' id='word_1_135' title='bbox 1008 231 1052 264; x_wconf 79' lang='lat' dir='ltr'>sss</span> <span class='ocrx_word' id='word_1_136' title='bbox 1078 241 1190 273; x_wconf 85' lang='lat' dir='ltr'>expers</span> <span class='ocrx_word' id='word_1_137' title='bbox 1216 232 1357 272; x_wconf 77' lang='lat' dir='ltr'>rationis,</span> 
     </span>
    </p>
   </div>
   <div class='ocr_carea' id='block_1_16' title="bbox 932 279 1412 367">
    <p class='ocr_par' dir='ltr' id='par_1_24' title="bbox 932 279 1412 367">
     <span class='ocr_line' id='line_1_48' title="bbox 932 279 1412 320; baseline -0.002 -8"><span class='ocrx_word' id='word_1_138' title='bbox 932 279 1025 312; x_wconf 88' lang='lat' dir='ltr'>Hanc</span> <span class='ocrx_word' id='word_1_139' title='bbox 1048 280 1169 312; x_wconf 87' lang='lat' dir='ltr'>honora</span> <span class='ocrx_word' id='word_1_140' title='bbox 1194 280 1296 320; x_wconf 85' lang='lat' dir='ltr'>dignis</span> <span class='ocrx_word' id='word_1_141' title='bbox 1323 279 1412 311; x_wconf 87' lang='lat' dir='ltr'>donis</span> 
     </span>
     <span class='ocr_line' id='line_1_49' title="bbox 981 327 1291 367; baseline 0.003 -10"><span class='ocrx_word' id='word_1_142' title='bbox 981 327 1138 366; x_wconf 85' lang='lat' dir='ltr'>Exigente</span> <span class='ocrx_word' id='word_1_143' title='bbox 1157 327 1291 367; x_wconf 87' lang='lat' dir='ltr'>justitia.</span> 
     </span>
    </p>
   </div>
   <div class='ocr_carea' id='block_1_17' title="bbox 995 450 1355 559">
    <p class='ocr_par' dir='ltr' id='par_1_25' title="bbox 995 450 1355 559">
     <span class='ocr_line' id='line_1_50' title="bbox 995 450 1355 484; baseline -0.003 -2"><span class='ocrx_word' id='word_1_144' title='bbox 995 450 1044 482; x_wconf 89' lang='lat' dir='ltr'>In</span> <span class='ocrx_word' id='word_1_145' title='bbox 1069 452 1102 484; x_wconf 84' lang='lat'>3.</span> <span class='ocrx_word' id='word_1_146' title='bbox 1127 450 1355 482; x_wconf 83' lang='lat' dir='ltr'>Nocturno.</span> 
     </span>
     <span class='ocr_line' id='line_1_51' title="bbox 1074 523 1270 559; baseline -0.005 -8"><span class='ocrx_word' id='word_1_147' title='bbox 1074 523 1270 559; x_wconf 81' lang='lat' dir='ltr'>Antiphonae.</span> 
     </span>
    </p>
   </div>
   <div class='ocr_carea' id='block_1_18' title="bbox 900 589 1400 622">
    <p class='ocr_par' dir='ltr' id='par_1_26' title="bbox 900 589 1400 622">
     <span class='ocr_line' id='line_1_52' title="bbox 900 589 1400 622; baseline -0.002 0"><span class='ocrx_word' id='word_1_148' title='bbox 900 614 907 622; x_wconf 92' lang='lat'>.</span> <span class='ocrx_word' id='word_1_149' title='bbox 933 589 1054 620; x_wconf 89' lang='lat' dir='ltr'>Harum</span> <span class='ocrx_word' id='word_1_150' title='bbox 1079 589 1210 621; x_wconf 86' lang='lat' dir='ltr'>fratrem</span> <span class='ocrx_word' id='word_1_151' title='bbox 1234 590 1400 621; x_wconf 87' lang='lat' dir='ltr'>suscitavit</span> 
     </span>
    </p>
   </div>
   <div class='ocr_carea' id='block_1_19' title="bbox 933 637 1420 764">
    <p class='ocr_par' dir='ltr' id='par_1_27' title="bbox 933 637 1420 764">
     <span class='ocr_line' id='line_1_53' title="bbox 980 637 1332 677; baseline -0.003 -8"><span class='ocrx_word' id='word_1_152' title='bbox 980 637 1000 669; x_wconf 84' lang='lat' dir='ltr'><strong>J</strong></span> <span class='ocrx_word' id='word_1_153' title='bbox 1003 644 1073 667; x_wconf 89' lang='lat' dir='ltr'>esus</span> <span class='ocrx_word' id='word_1_154' title='bbox 1097 637 1159 677; x_wconf 90' lang='lat' dir='ltr'>piis</span> <span class='ocrx_word' id='word_1_155' title='bbox 1185 637 1332 676; x_wconf 82' lang='lat' dir='ltr'>precibus</span> 
     </span>
     <span class='ocr_line' id='line_1_54' title="bbox 933 683 1328 716; baseline 0 -2"><span class='ocrx_word' id='word_1_156' title='bbox 933 683 977 714; x_wconf 87' lang='lat' dir='ltr'>Et</span> <span class='ocrx_word' id='word_1_157' title='bbox 1002 692 1021 714; x_wconf 90' lang='lat' dir='ltr'>a</span> <span class='ocrx_word' id='word_1_158' title='bbox 1044 687 1147 716; x_wconf 85' lang='lat' dir='ltr'>morte</span> <span class='ocrx_word' id='word_1_159' title='bbox 1166 685 1328 716; x_wconf 86' lang='lat' dir='ltr'>revocavit</span> 
     </span>
     <span class='ocr_line' id='line_1_55' title="bbox 980 730 1420 764; baseline 0.002 -2"><span class='ocrx_word' id='word_1_160' title='bbox 980 730 1130 763; x_wconf 85' lang='lat' dir='ltr'>Reddens</span> <span class='ocrx_word' id='word_1_161' title='bbox 1156 740 1226 763; x_wconf 89' lang='lat' dir='ltr'>eum</span> <span class='ocrx_word' id='word_1_162' title='bbox 1250 731 1420 764; x_wconf 83' lang='lat' dir='ltr'>sororibus,</span> 
     </span>
    </p>
   </div>
   <div class='ocr_carea' id='block_1_20' title="bbox 899 786 1325 827">
    <p class='ocr_par' dir='ltr' id='par_1_28' title="bbox 899 786 1325 827">
     <span class='ocr_line' id='line_1_56' title="bbox 899 786 1325 827; baseline -0.002 -8"><span class='ocrx_word' id='word_1_163' title='bbox 899 811 906 819; x_wconf 94' lang='lat'><strong><em>.</em></strong></span> <span class='ocrx_word' id='word_1_164' title='bbox 932 786 1018 818; x_wconf 87' lang='lat' dir='ltr'>Mira</span> <span class='ocrx_word' id='word_1_165' title='bbox 1044 786 1162 819; x_wconf 85' lang='lat' dir='ltr'>Christi</span> <span class='ocrx_word' id='word_1_166' title='bbox 1184 788 1325 827; x_wconf 86' lang='lat' dir='ltr'>potentia</span> 
     </span>
    </p>
   </div>
   <div class='ocr_carea' id='block_1_21' title="bbox 933 834 1403 963">
    <p class='ocr_par' dir='ltr' id='par_1_29' title="bbox 933 834 1403 963">
     <span class='ocr_line' id='line_1_57' title="bbox 980 834 1220 874; baseline 0.004 -9"><span class='ocrx_word' id='word_1_167' title='bbox 980 834 1220 874; x_wconf 86' lang='lat' dir='ltr'>Comprobatur,</span> 
     </span>
     <span class='ocr_line' id='line_1_58' title="bbox 933 881 1403 921; baseline -0.004 -7"><span class='ocrx_word' id='word_1_168' title='bbox 933 881 1016 914; x_wconf 87' lang='lat' dir='ltr'>Dum</span> <span class='ocrx_word' id='word_1_169' title='bbox 1039 881 1074 913; x_wconf 91' lang='lat' dir='ltr'>in</span> <span class='ocrx_word' id='word_1_170' title='bbox 1097 882 1199 921; x_wconf 89' lang='lat' dir='ltr'>plebis</span> <span class='ocrx_word' id='word_1_171' title='bbox 1223 881 1403 921; x_wconf 88' lang='lat' dir='ltr'>praesentia</span> 
     </span>
     <span class='ocr_line' id='line_1_59' title="bbox 980 927 1169 963; baseline 0.021 -5"><span class='ocrx_word' id='word_1_172' title='bbox 980 927 1169 963; x_wconf 86' lang='lat' dir='ltr'>Suscitatur.</span> 
     </span>
    </p>
   </div>
   <div class='ocr_carea' id='block_1_22' title="bbox 899 983 1305 1018">
    <p class='ocr_par' dir='ltr' id='par_1_30' title="bbox 899 983 1305 1018">
     <span class='ocr_line' id='line_1_60' title="bbox 899 983 1305 1018; baseline -0.007 0"><span class='ocrx_word' id='word_1_173' title='bbox 899 1010 907 1018; x_wconf 91' lang='lat'><strong>.</strong></span> <span class='ocrx_word' id='word_1_174' title='bbox 933 983 986 1015; x_wconf 87' lang='lat' dir='ltr'>Sic</span> <span class='ocrx_word' id='word_1_175' title='bbox 1010 984 1129 1017; x_wconf 82' lang='lat' dir='ltr'>Christi</span> <span class='ocrx_word' id='word_1_176' title='bbox 1152 983 1305 1016; x_wconf 88' lang='lat' dir='ltr'>beneficio</span> 
     </span>
    </p>
   </div>
   <div class='ocr_carea' id='block_1_23' title="bbox 933 1031 1273 1163">
    <p class='ocr_par' dir='ltr' id='par_1_31' title="bbox 933 1031 1273 1163">
     <span class='ocr_line' id='line_1_61' title="bbox 979 1031 1151 1070; baseline 0.006 -8"><span class='ocrx_word' id='word_1_177' title='bbox 979 1031 1151 1070; x_wconf 84' lang='lat' dir='ltr'>Relegatur</span> 
     </span>
     <span class='ocr_line' id='line_1_62' title="bbox 933 1077 1273 1118; baseline 0 -9"><span class='ocrx_word' id='word_1_178' title='bbox 933 1077 1084 1109; x_wconf 84' lang='lat' dir='ltr'>Sororum</span> <span class='ocrx_word' id='word_1_179' title='bbox 1110 1079 1273 1118; x_wconf 80' lang='lat' dir='ltr'>desolatio,</span> 
     </span>
     <span class='ocr_line' id='line_1_63' title="bbox 980 1124 1217 1163; baseline 0.013 -8"><span class='ocrx_word' id='word_1_180' title='bbox 980 1124 1062 1163; x_wconf 75' lang='lat' dir='ltr'>Quas</span> <span class='ocrx_word' id='word_1_181' title='bbox 1088 1125 1217 1159; x_wconf 88' lang='lat' dir='ltr'>solatur.</span> 
     </span>
    </p>
   </div>
   <div class='ocr_carea' id='block_1_24' title="bbox 1069 1217 1273 1253">
    <p class='ocr_par' dir='ltr' id='par_1_32' title="bbox 1069 1217 1273 1253">
     <span class='ocr_line' id='line_1_64' title="bbox 1069 1217 1273 1253; baseline 0 -8"><span class='ocrx_word' id='word_1_182' title='bbox 1069 1217 1273 1253; x_wconf 81' lang='lat' dir='ltr'>Responsoria.</span> 
     </span>
    </p>
   </div>
   <div class='ocr_carea' id='block_1_25' title="bbox 900 1283 1242 1318">
    <p class='ocr_par' dir='ltr' id='par_1_33' title="bbox 900 1283 1242 1318">
     <span class='ocr_line' id='line_1_65' title="bbox 900 1283 1242 1318; baseline -0.006 0"><span class='ocrx_word' id='word_1_183' title='bbox 900 1311 907 1318; x_wconf 93' lang='lat'><strong>.</strong></span> <span class='ocrx_word' id='word_1_184' title='bbox 931 1283 1046 1316; x_wconf 87' lang='lat' dir='ltr'>Matris</span> <span class='ocrx_word' id='word_1_185' title='bbox 1071 1284 1132 1316; x_wconf 89' lang='lat' dir='ltr'>Dei</span> <span class='ocrx_word' id='word_1_186' title='bbox 1156 1285 1242 1316; x_wconf 89' lang='lat' dir='ltr'>socia</span> 
     </span>
    </p>
   </div>
   <div class='ocr_carea' id='block_1_26' title="bbox 930 1331 1299 1560">
    <p class='ocr_par' dir='ltr' id='par_1_34' title="bbox 932 1331 1273 1410">
     <span class='ocr_line' id='line_1_66' title="bbox 932 1331 1273 1372; baseline 0.003 -10"><span class='ocrx_word' id='word_1_187' title='bbox 932 1331 1063 1363; x_wconf 85' lang='lat' dir='ltr'>Martha</span> <span class='ocrx_word' id='word_1_188' title='bbox 1085 1331 1124 1363; x_wconf 90' lang='lat' dir='ltr'>fit</span> <span class='ocrx_word' id='word_1_189' title='bbox 1148 1333 1273 1372; x_wconf 87' lang='lat' dir='ltr'>egregia</span> 
     </span>
     <span class='ocr_line' id='line_1_67' title="bbox 980 1378 1159 1410; baseline 0.006 -1"><span class='ocrx_word' id='word_1_190' title='bbox 980 1378 1159 1410; x_wconf 81' lang='lat' dir='ltr'>Nutriendo</span> 
     </span>
    </p>

    <p class='ocr_par' dir='ltr' id='par_1_35' title="bbox 932 1424 1291 1457">
     <span class='ocr_line' id='line_1_68' title="bbox 932 1424 1291 1457; baseline 0.006 -2"><span class='ocrx_word' id='word_1_191' title='bbox 932 1424 1130 1457; x_wconf 86' lang='lat' dir='ltr'>Nutritorem</span> <span class='ocrx_word' id='word_1_192' title='bbox 1155 1426 1291 1457; x_wconf 87' lang='lat' dir='ltr'>omnium</span> 
     </span>
    </p>

    <p class='ocr_par' dir='ltr' id='par_1_36' title="bbox 930 1472 1299 1560">
     <span class='ocr_line' id='line_1_69' title="bbox 930 1472 1299 1504; baseline 0.003 -1"><span class='ocrx_word' id='word_1_193' title='bbox 930 1472 975 1504; x_wconf 86' lang='lat' dir='ltr'>Et</span> <span class='ocrx_word' id='word_1_194' title='bbox 999 1472 1096 1504; x_wconf 85' lang='lat' dir='ltr'>vitam</span> <span class='ocrx_word' id='word_1_195' title='bbox 1120 1473 1299 1504; x_wconf 83' lang='lat' dir='ltr'>mortalium</span> 
     </span>
     <span class='ocr_line' id='line_1_70' title="bbox 979 1520 1180 1560; baseline 0 -9"><span class='ocrx_word' id='word_1_196' title='bbox 979 1520 1180 1560; x_wconf 85' lang='lat' dir='ltr'>Appetendo,</span> 
     </span>
    </p>
   </div>
   <div class='ocr_carea' id='block_1_27' title="bbox 893 1566 1232 1605">
    <p class='ocr_par' dir='ltr' id='par_1_37' title="bbox 893 1566 1232 1605">
     <span class='ocr_line' id='line_1_71' title="bbox 893 1566 1232 1605; baseline 0.006 -8"><span class='ocrx_word' id='word_1_197' title='bbox 893 1593 900 1601; x_wconf 84' lang='lat'>‚</span> <span class='ocrx_word' id='word_1_198' title='bbox 933 1566 1068 1605; x_wconf 79' lang='lat' dir='ltr'>Quarum</span> <span class='ocrx_word' id='word_1_199' title='bbox 1093 1567 1232 1599; x_wconf 86' lang='lat' dir='ltr'>amicitia</span> 
     </span>
    </p>
   </div>
   <div class='ocr_carea' id='block_1_28' title="bbox 931 1613 1263 1702">
    <p class='ocr_par' dir='ltr' id='par_1_38' title="bbox 931 1613 1263 1702">
     <span class='ocr_line' id='line_1_72' title="bbox 931 1613 1263 1654; baseline 0.003 -9"><span class='ocrx_word' id='word_1_200' title='bbox 931 1613 1032 1645; x_wconf 87' lang='lat' dir='ltr'>Nobis</span> <span class='ocrx_word' id='word_1_201' title='bbox 1057 1615 1100 1646; x_wconf 84' lang='lat' dir='ltr'>sit</span> <span class='ocrx_word' id='word_1_202' title='bbox 1122 1614 1263 1654; x_wconf 88' lang='lat' dir='ltr'>propitia</span> 
     </span>
     <span class='ocr_line' id='line_1_73' title="bbox 978 1661 1189 1702; baseline 0.019 -11"><span class='ocrx_word' id='word_1_203' title='bbox 978 1661 1189 1702; x_wconf 83' lang='lat' dir='ltr'>ProtegendO.</span> 
     </span>
    </p>
   </div>
   <div class='ocr_carea' id='block_1_29' title="bbox 899 1717 1354 1757">
    <p class='ocr_par' dir='ltr' id='par_1_39' title="bbox 899 1717 1354 1757">
     <span class='ocr_line' id='line_1_74' title="bbox 899 1717 1354 1757; baseline 0 -7"><span class='ocrx_word' id='word_1_204' title='bbox 899 1742 906 1750; x_wconf 92' lang='lat'><strong>.</strong></span> <span class='ocrx_word' id='word_1_205' title='bbox 933 1717 1148 1750; x_wconf 86' lang='lat' dir='ltr'>Collaetentur</span> <span class='ocrx_word' id='word_1_206' title='bbox 1172 1718 1354 1757; x_wconf 86' lang='lat' dir='ltr'>adjacentes</span> 
     </span>
    </p>
   </div>
   <div class='ocr_carea' id='block_1_30' title="bbox 931 1765 1483 1997">
    <p class='ocr_par' dir='ltr' id='par_1_40' title="bbox 931 1765 1323 1804">
     <span class='ocr_line' id='line_1_75' title="bbox 931 1765 1323 1804; baseline 0.003 -8"><span class='ocrx_word' id='word_1_207' title='bbox 931 1765 1087 1804; x_wconf 88' lang='lat' dir='ltr'>Regiones</span> <span class='ocrx_word' id='word_1_208' title='bbox 1113 1767 1145 1796; x_wconf 89' lang='lat' dir='ltr'>et</span> <span class='ocrx_word' id='word_1_209' title='bbox 1167 1765 1323 1804; x_wconf 84' lang='lat' dir='ltr'>absentes,</span> 
     </span>
    </p>

    <p class='ocr_par' dir='ltr' id='par_1_41' title="bbox 931 1812 1483 1949">
     <span class='ocr_line' id='line_1_76' title="bbox 980 1812 1415 1851; baseline 0.005 -8"><span class='ocrx_word' id='word_1_210' title='bbox 980 1812 1066 1851; x_wconf 80' lang='lat' dir='ltr'>Quae</span> <span class='ocrx_word' id='word_1_211' title='bbox 1088 1812 1238 1845; x_wconf 89' lang='lat' dir='ltr'>Marthae</span> <span class='ocrx_word' id='word_1_212' title='bbox 1261 1812 1415 1846; x_wconf 90' lang='lat' dir='ltr'>beneficia</span> 
     </span>
     <span class='ocr_line' id='line_1_77' title="bbox 933 1859 1483 1901; baseline 0.004 -10"><span class='ocrx_word' id='word_1_213' title='bbox 933 1859 1012 1891; x_wconf 86' lang='lat' dir='ltr'>Sunt</span> <span class='ocrx_word' id='word_1_214' title='bbox 1038 1863 1197 1900; x_wconf 79' lang='lat' dir='ltr'>expertae,</span> <span class='ocrx_word' id='word_1_215' title='bbox 1226 1863 1357 1892; x_wconf 88' lang='lat' dir='ltr'>cunctae</span> <span class='ocrx_word' id='word_1_216' title='bbox 1375 1863 1483 1901; x_wconf 80' lang='lat' dir='ltr'>gentes</span> 
     </span>
     <span class='ocr_line' id='line_1_78' title="bbox 931 1907 1358 1949; baseline 0.005 -11"><span class='ocrx_word' id='word_1_217' title='bbox 931 1907 1045 1949; x_wconf 88' lang='lat' dir='ltr'>Prope,</span> <span class='ocrx_word' id='word_1_218' title='bbox 1071 1909 1166 1948; x_wconf 90' lang='lat' dir='ltr'>longe</span> <span class='ocrx_word' id='word_1_219' title='bbox 1188 1908 1358 1941; x_wconf 80' lang='lat' dir='ltr'>existentes</span> 
     </span>
    </p>

    <p class='ocr_par' dir='ltr' id='par_1_42' title="bbox 979 1954 1357 1997">
     <span class='ocr_line' id='line_1_79' title="bbox 979 1954 1357 1997; baseline 0.005 -12"><span class='ocrx_word' id='word_1_220' title='bbox 979 1954 1047 1986; x_wconf 83' lang='lat' dir='ltr'>Deo</span> <span class='ocrx_word' id='word_1_221' title='bbox 1068 1956 1177 1987; x_wconf 87' lang='lat' dir='ltr'>dicant</span> <span class='ocrx_word' id='word_1_222' title='bbox 1199 1956 1357 1997; x_wconf 87' lang='lat' dir='ltr'>Alleluja;</span> 
     </span>
    </p>
   </div>
   <div class='ocr_carea' id='block_1_31' title="bbox 894 2002 1403 2042">
    <p class='ocr_par' dir='ltr' id='par_1_43' title="bbox 894 2002 1403 2042">
     <span class='ocr_line' id='line_1_80' title="bbox 894 2002 1403 2042; baseline -0.002 -7"><span class='ocrx_word' id='word_1_223' title='bbox 894 2027 901 2035; x_wconf 90' lang='lat'>.</span> <span class='ocrx_word' id='word_1_224' title='bbox 932 2002 999 2034; x_wconf 83' lang='lat' dir='ltr'>Nos</span> <span class='ocrx_word' id='word_1_225' title='bbox 1025 2002 1180 2042; x_wconf 88' lang='lat' dir='ltr'>condigne</span> <span class='ocrx_word' id='word_1_226' title='bbox 1203 2003 1403 2035; x_wconf 90' lang='lat' dir='ltr'>concinentes</span> 
     </span>
    </p>
   </div>
   <div class='ocr_carea' id='block_1_32' title="bbox 929 2049 1415 2137">
    <p class='ocr_par' dir='ltr' id='par_1_44' title="bbox 929 2049 1415 2137">
     <span class='ocr_line' id='line_1_81' title="bbox 929 2049 1415 2090; baseline 0.002 -9"><span class='ocrx_word' id='word_1_227' title='bbox 929 2049 1098 2090; x_wconf 85' lang='lat' dir='ltr'>Erigamus</span> <span class='ocrx_word' id='word_1_228' title='bbox 1123 2050 1165 2082; x_wconf 91' lang='lat' dir='ltr'>ad</span> <span class='ocrx_word' id='word_1_229' title='bbox 1189 2050 1272 2082; x_wconf 87' lang='lat' dir='ltr'>hanc</span> <span class='ocrx_word' id='word_1_230' title='bbox 1294 2053 1415 2082; x_wconf 87' lang='lat' dir='ltr'>mentes</span> 
     </span>
     <span class='ocr_line' id='line_1_82' title="bbox 979 2096 1349 2137; baseline 0 -8"><span class='ocrx_word' id='word_1_231' title='bbox 979 2096 1056 2129; x_wconf 86' lang='lat' dir='ltr'>Cum</span> <span class='ocrx_word' id='word_1_232' title='bbox 1079 2097 1201 2137; x_wconf 88' lang='lat' dir='ltr'>ingenti</span> <span class='ocrx_word' id='word_1_233' title='bbox 1223 2096 1349 2130; x_wconf 89' lang='lat' dir='ltr'>fiducia.</span> 
     </span>
    </p>
   </div>
   <div class='ocr_carea' id='block_1_33' title="bbox 899 2154 1381 2194">
    <p class='ocr_par' dir='ltr' id='par_1_45' title="bbox 899 2154 1381 2194">
     <span class='ocr_line' id='line_1_83' title="bbox 899 2154 1381 2194; baseline -0.004 -6"><span class='ocrx_word' id='word_1_234' title='bbox 899 2182 905 2188; x_wconf 95' lang='lat'>.</span> <span class='ocrx_word' id='word_1_235' title='bbox 931 2154 1020 2187; x_wconf 87' lang='lat' dir='ltr'>Sicut</span> <span class='ocrx_word' id='word_1_236' title='bbox 1045 2157 1094 2186; x_wconf 85' lang='lat' dir='ltr'>est</span> <span class='ocrx_word' id='word_1_237' title='bbox 1116 2154 1197 2186; x_wconf 85' lang='lat' dir='ltr'>haec</span> <span class='ocrx_word' id='word_1_238' title='bbox 1219 2155 1381 2194; x_wconf 85' lang='lat' dir='ltr'>hospitata</span> 
     </span>
    </p>
   </div>
   <div class='ocr_carea' id='block_1_34' title="bbox 931 2201 1484 2437">
    <p class='ocr_par' dir='ltr' id='par_1_46' title="bbox 931 2201 1484 2437">
     <span class='ocr_line' id='line_1_84' title="bbox 931 2201 1484 2242; baseline 0.002 -8"><span class='ocrx_word' id='word_1_239' title='bbox 931 2201 1101 2242; x_wconf 88' lang='lat' dir='ltr'>Christum,</span> <span class='ocrx_word' id='word_1_240' title='bbox 1128 2211 1147 2233; x_wconf 92' lang='lat' dir='ltr'>a</span> <span class='ocrx_word' id='word_1_241' title='bbox 1171 2211 1231 2241; x_wconf 89' lang='lat' dir='ltr'>quo</span> <span class='ocrx_word' id='word_1_242' title='bbox 1257 2204 1306 2233; x_wconf 86' lang='lat' dir='ltr'>est</span> <span class='ocrx_word' id='word_1_243' title='bbox 1328 2203 1484 2235; x_wconf 81' lang='lat' dir='ltr'>translata</span> 
     </span>
     <span class='ocr_line' id='line_1_85' title="bbox 978 2248 1423 2291; baseline 0.002 -10"><span class='ocrx_word' id='word_1_244' title='bbox 978 2248 1032 2281; x_wconf 86' lang='lat' dir='ltr'>Ad</span> <span class='ocrx_word' id='word_1_245' title='bbox 1056 2257 1263 2288; x_wconf 88' lang='lat' dir='ltr'>supernorum</span> <span class='ocrx_word' id='word_1_246' title='bbox 1288 2251 1423 2291; x_wconf 86' lang='lat' dir='ltr'>agmina,</span> 
     </span>
     <span class='ocr_line' id='line_1_86' title="bbox 931 2296 1293 2329; baseline 0 0"><span class='ocrx_word' id='word_1_247' title='bbox 931 2296 985 2329; x_wconf 88' lang='lat' dir='ltr'>Sic</span> <span class='ocrx_word' id='word_1_248' title='bbox 1008 2297 1194 2328; x_wconf 90' lang='lat' dir='ltr'>remissione</span> <span class='ocrx_word' id='word_1_249' title='bbox 1219 2298 1293 2329; x_wconf 88' lang='lat' dir='ltr'>data</span> 
     </span>
     <span class='ocr_line' id='line_1_87' title="bbox 931 2344 1322 2385; baseline 0 -9"><span class='ocrx_word' id='word_1_250' title='bbox 931 2344 995 2376; x_wconf 90' lang='lat' dir='ltr'>Sua</span> <span class='ocrx_word' id='word_1_251' title='bbox 1018 2352 1114 2383; x_wconf 86' lang='lat' dir='ltr'>prece</span> <span class='ocrx_word' id='word_1_252' title='bbox 1137 2344 1206 2377; x_wconf 92' lang='lat' dir='ltr'>Deo</span> <span class='ocrx_word' id='word_1_253' title='bbox 1231 2347 1322 2385; x_wconf 86' lang='lat' dir='ltr'>grata</span> 
     </span>
     <span class='ocr_line' id='line_1_88' title="bbox 977 2391 1441 2437; baseline 0.004 -13"><span class='ocrx_word' id='word_1_254' title='bbox 977 2391 1097 2424; x_wconf 84' lang='lat' dir='ltr'>Nostra</span> <span class='ocrx_word' id='word_1_255' title='bbox 1120 2392 1187 2424; x_wconf 88' lang='lat' dir='ltr'>lota</span> <span class='ocrx_word' id='word_1_256' title='bbox 1212 2393 1277 2424; x_wconf 88' lang='lat' dir='ltr'>sint</span> <span class='ocrx_word' id='word_1_257' title='bbox 1301 2393 1441 2437; x_wconf 86' lang='lat' dir='ltr'>crimina,</span> 
     </span>
    </p>
   </div>
  </div>
 </body>
</html>
