<?xml version="1.0" encoding="UTF-8"?>
<!DOCTYPE html PUBLIC "-//W3C//DTD XHTML 1.0 Transitional//EN"
    "http://www.w3.org/TR/xhtml1/DTD/xhtml1-transitional.dtd">
<html xmlns="http://www.w3.org/1999/xhtml" xml:lang="en" lang="en">
 <head>
  <title>
</title>
<meta http-equiv="Content-Type" content="text/html;charset=utf-8" />
  <meta name='ocr-system' content='tesseract 3.04.00' />
  <meta name='ocr-capabilities' content='ocr_page ocr_carea ocr_par ocr_line ocrx_word'/>
</head>
<body>
  <div class='ocr_page' id='page_1' title='image "./analectahymnica18drevuoft_00263.png"; bbox 0 0 1650 2587; ppageno 0'>
   <div class='ocr_carea' id='block_1_1' title="bbox 644 115 900 150">
    <p class='ocr_par' dir='ltr' id='par_1_1' title="bbox 644 115 900 150">
     <span class='ocr_line' id='line_1_1' title="bbox 644 115 900 150; baseline 0.008 -1"><span class='ocrx_word' id='word_1_1' title='bbox 644 115 806 150; x_wconf 84' lang='lat'>—260</span> <span class='ocrx_word' id='word_1_2' title='bbox 861 135 900 140; x_wconf 89' lang='lat'>—-</span> 
     </span>
    </p>
   </div>
   <div class='ocr_carea' id='block_1_2' title="bbox 129 209 645 436">
    <p class='ocr_par' dir='ltr' id='par_1_2' title="bbox 129 209 645 436">
     <span class='ocr_line' id='line_1_2' title="bbox 129 209 619 250; baseline 0.004 -10"><span class='ocrx_word' id='word_1_3' title='bbox 129 210 159 240; x_wconf 87' lang='lat'>5.</span> <span class='ocrx_word' id='word_1_4' title='bbox 183 209 277 240; x_wconf 90' lang='lat' dir='ltr'>Alme</span> <span class='ocrx_word' id='word_1_5' title='bbox 301 209 461 241; x_wconf 79' lang='lat' dir='ltr'>confessor</span> <span class='ocrx_word' id='word_1_6' title='bbox 483 210 619 250; x_wconf 90' lang='lat' dir='ltr'><strong>Domini,</strong></span> 
     </span>
     <span class='ocr_line' id='line_1_3' title="bbox 186 256 517 296; baseline 0.003 -9"><span class='ocrx_word' id='word_1_7' title='bbox 186 256 338 296; x_wconf 64' lang='lat' dir='ltr'>Valerice,</span> <span class='ocrx_word' id='word_1_8' title='bbox 364 256 517 296; x_wconf 78' lang='lat' dir='ltr'><strong>altissimi,</strong></span> 
     </span>
     <span class='ocr_line' id='line_1_4' title="bbox 185 302 645 343; baseline 0.002 -10"><span class='ocrx_word' id='word_1_9' title='bbox 185 302 319 343; x_wconf 83' lang='lat' dir='ltr'><strong>Nostris,</strong></span> <span class='ocrx_word' id='word_1_10' title='bbox 347 304 457 335; x_wconf 88' lang='lat' dir='ltr'>devote</span> <span class='ocrx_word' id='word_1_11' title='bbox 479 304 645 343; x_wconf 87' lang='lat' dir='ltr'>poscimus,</span> 
     </span>
     <span class='ocr_line' id='line_1_5' title="bbox 183 348 609 389; baseline 0.002 -9"><span class='ocrx_word' id='word_1_12' title='bbox 183 348 306 382; x_wconf 88' lang='lat' dir='ltr'>Favens</span> <span class='ocrx_word' id='word_1_13' title='bbox 330 351 439 382; x_wconf 80' lang='lat' dir='ltr'>adesto</span> <span class='ocrx_word' id='word_1_14' title='bbox 463 350 609 389; x_wconf 82' lang='lat' dir='ltr'><strong>precibus</strong></span> 
     </span>
     <span class='ocr_line' id='line_1_6' title="bbox 183 395 582 436; baseline 0.003 -10"><span class='ocrx_word' id='word_1_15' title='bbox 183 395 228 427; x_wconf 84' lang='lat' dir='ltr'>Et</span> <span class='ocrx_word' id='word_1_16' title='bbox 249 405 306 428; x_wconf 90' lang='lat' dir='ltr'>nos</span> <span class='ocrx_word' id='word_1_17' title='bbox 329 400 451 428; x_wconf 83' lang='lat' dir='ltr'>tuarum</span> <span class='ocrx_word' id='word_1_18' title='bbox 476 397 582 436; x_wconf 88' lang='lat' dir='ltr'>lepide</span> 
     </span>
    </p>
   </div>
   <div class='ocr_carea' id='block_1_3' title="bbox 855 209 1363 390">
    <p class='ocr_par' dir='ltr' id='par_1_3' title="bbox 855 209 1363 343">
     <span class='ocr_line' id='line_1_7' title="bbox 855 209 1363 250; baseline 0.002 -9"><span class='ocrx_word' id='word_1_19' title='bbox 855 209 999 241; x_wconf 87' lang='lat' dir='ltr'>Laudum</span> <span class='ocrx_word' id='word_1_20' title='bbox 1025 214 1171 242; x_wconf 83' lang='lat' dir='ltr'>canentes</span> <span class='ocrx_word' id='word_1_21' title='bbox 1195 215 1363 250; x_wconf 82' lang='lat' dir='ltr'>pneumate</span> 
     </span>
     <span class='ocr_line' id='line_1_8' title="bbox 856 256 1289 288; baseline 0.002 -1"><span class='ocrx_word' id='word_1_22' title='bbox 856 256 972 288; x_wconf 84' lang='lat' dir='ltr'>Tecum</span> <span class='ocrx_word' id='word_1_23' title='bbox 999 260 1158 288; x_wconf 84' lang='lat' dir='ltr'>consortes</span> <span class='ocrx_word' id='word_1_24' title='bbox 1183 256 1289 288; x_wconf 86' lang='lat' dir='ltr'>facere</span> 
     </span>
     <span class='ocr_line' id='line_1_9' title="bbox 858 302 1258 343; baseline 0 -9"><span class='ocrx_word' id='word_1_25' title='bbox 858 302 948 334; x_wconf 87' lang='lat' dir='ltr'>Celso</span> <span class='ocrx_word' id='word_1_26' title='bbox 973 303 1110 343; x_wconf 85' lang='lat' dir='ltr'>digneris</span> <span class='ocrx_word' id='word_1_27' title='bbox 1135 304 1258 342; x_wconf 81' lang='lat' dir='ltr'>patriae</span> 
     </span>
    </p>

    <p class='ocr_par' dir='ltr' id='par_1_4' title="bbox 856 350 1291 390">
     <span class='ocr_line' id='line_1_10' title="bbox 856 350 1291 390; baseline 0.002 -9"><span class='ocrx_word' id='word_1_28' title='bbox 856 351 905 382; x_wconf 93' lang='lat' dir='ltr'>Ac</span> <span class='ocrx_word' id='word_1_29' title='bbox 928 351 1139 390; x_wconf 82' lang='lat' dir='ltr'>sempiternae</span> <span class='ocrx_word' id='word_1_30' title='bbox 1163 350 1291 390; x_wconf 87' lang='lat' dir='ltr'>gloriae.</span> 
     </span>
    </p>
   </div>
   <div class='ocr_carea' id='block_1_4' title="bbox 190 449 1185 479">
    <p class='ocr_par' dir='ltr' id='par_1_5' title="bbox 190 449 1185 479">
     <span class='ocr_line' id='line_1_11' title="bbox 190 449 1185 479; baseline 0.001 -2"><span class='ocrx_word' id='word_1_31' title='bbox 190 449 257 477; x_wconf 87' lang='lat' dir='ltr'>Cod.</span> <span class='ocrx_word' id='word_1_32' title='bbox 276 450 440 479; x_wconf 82' lang='lat' dir='ltr'>Martialen.</span> <span class='ocrx_word' id='word_1_33' title='bbox 461 459 536 479; x_wconf 84' lang='lat' dir='ltr'>saec.</span> <span class='ocrx_word' id='word_1_34' title='bbox 558 449 601 479; x_wconf 86' lang='lat'>11.</span> <span class='ocrx_word' id='word_1_35' title='bbox 623 451 692 479; x_wconf 83' lang='lat' dir='ltr'>Cod.</span> <span class='ocrx_word' id='word_1_36' title='bbox 712 452 834 479; x_wconf 85' lang='lat' dir='ltr'>Parisin.</span> <span class='ocrx_word' id='word_1_37' title='bbox 859 449 939 479; x_wconf 85' lang='lat'>1120.</span> <span class='ocrx_word' id='word_1_38' title='bbox 960 452 1024 479; x_wconf 86' lang='lat' dir='ltr'>add.</span> <span class='ocrx_word' id='word_1_39' title='bbox 1045 459 1120 479; x_wconf 82' lang='lat' dir='ltr'>saec.</span> <span class='ocrx_word' id='word_1_40' title='bbox 1142 449 1185 478; x_wconf 90' lang='lat'>11.</span> 
     </span>
    </p>
   </div>
   <div class='ocr_carea' id='block_1_5' title="bbox 562 540 958 581">
    <p class='ocr_par' dir='ltr' id='par_1_6' title="bbox 562 540 958 581">
     <span class='ocr_line' id='line_1_12' title="bbox 562 540 958 581; baseline 0 -9"><span class='ocrx_word' id='word_1_41' title='bbox 562 541 608 573; x_wconf 88' lang='grc'>99.</span> <span class='ocrx_word' id='word_1_42' title='bbox 645 542 689 573; x_wconf 89' lang='lat' dir='ltr'>De</span> <span class='ocrx_word' id='word_1_43' title='bbox 708 541 813 573; x_wconf 82' lang='lat' dir='ltr'>saneto</span> <span class='ocrx_word' id='word_1_44' title='bbox 833 540 958 581; x_wconf 80' lang='lat' dir='ltr'>vigore.</span> 
     </span>
    </p>
   </div>
   <div class='ocr_carea' id='block_1_6' title="bbox 252 610 596 709">
    <p class='ocr_par' dir='ltr' id='par_1_7' title="bbox 252 610 596 709">
     <span class='ocr_line' id='line_1_13' title="bbox 252 610 596 649; baseline 0.006 -8"><span class='ocrx_word' id='word_1_45' title='bbox 252 610 298 641; x_wconf 89' lang='lat' dir='ltr'>In</span> <span class='ocrx_word' id='word_1_46' title='bbox 324 611 355 643; x_wconf 90' lang='lat'>1.</span> <span class='ocrx_word' id='word_1_47' title='bbox 380 610 596 649; x_wconf 82' lang='lat' dir='ltr'>Vesperis.</span> 
     </span>
     <span class='ocr_line' id='line_1_14' title="bbox 321 674 514 709; baseline 0 -7"><span class='ocrx_word' id='word_1_48' title='bbox 321 674 514 709; x_wconf 88' lang='lat' dir='ltr'>Antiphonae.</span> 
     </span>
    </p>
   </div>
   <div class='ocr_carea' id='block_1_7' title="bbox 120 732 723 1110">
    <p class='ocr_par' dir='ltr' id='par_1_8' title="bbox 120 732 723 1110">
     <span class='ocr_line' id='line_1_15' title="bbox 125 732 526 775; baseline -0.002 -12"><span class='ocrx_word' id='word_1_49' title='bbox 125 732 156 763; x_wconf 87' lang='lat'>1.</span> <span class='ocrx_word' id='word_1_50' title='bbox 180 732 294 763; x_wconf 79' lang='lat' dir='ltr'>Annua</span> <span class='ocrx_word' id='word_1_51' title='bbox 317 732 371 763; x_wconf 80' lang='lat' dir='ltr'>lux</span> <span class='ocrx_word' id='word_1_52' title='bbox 395 732 526 775; x_wconf 83' lang='lat' dir='ltr'>revenit,</span> 
     </span>
     <span class='ocr_line' id='line_1_16' title="bbox 227 778 684 818; baseline 0.002 -9"><span class='ocrx_word' id='word_1_53' title='bbox 227 787 288 818; x_wconf 83' lang='lat' dir='ltr'>qua</span> <span class='ocrx_word' id='word_1_54' title='bbox 310 778 428 810; x_wconf 89' lang='lat' dir='ltr'>coelica</span> <span class='ocrx_word' id='word_1_55' title='bbox 451 787 547 818; x_wconf 86' lang='lat' dir='ltr'>regna</span> <span class='ocrx_word' id='word_1_56' title='bbox 571 780 684 818; x_wconf 85' lang='lat' dir='ltr'>petivit</span> 
     </span>
     <span class='ocr_line' id='line_1_17' title="bbox 178 824 492 865; baseline -0.003 -8"><span class='ocrx_word' id='word_1_57' title='bbox 178 825 284 864; x_wconf 84' lang='lat' dir='ltr'>Vigor,</span> <span class='ocrx_word' id='word_1_58' title='bbox 309 824 492 865; x_wconf 85' lang='lat' dir='ltr'>magnificus</span> 
     </span>
     <span class='ocr_line' id='line_1_18' title="bbox 224 872 676 912; baseline 0.007 -10"><span class='ocrx_word' id='word_1_59' title='bbox 224 872 360 912; x_wconf 87' lang='lat' dir='ltr'>praesul,</span> <span class='ocrx_word' id='word_1_60' title='bbox 386 872 553 904; x_wconf 88' lang='lat' dir='ltr'>virtutibus</span> <span class='ocrx_word' id='word_1_61' title='bbox 578 875 676 907; x_wconf 84' lang='lat' dir='ltr'>actus,</span> 
     </span>
     <span class='ocr_line' id='line_1_19' title="bbox 120 927 518 967; baseline 0 -8"><span class='ocrx_word' id='word_1_62' title='bbox 120 929 151 959; x_wconf 88' lang='lat'>2.</span> <span class='ocrx_word' id='word_1_63' title='bbox 178 927 284 967; x_wconf 86' lang='lat' dir='ltr'>Vigor,</span> <span class='ocrx_word' id='word_1_64' title='bbox 307 929 349 960; x_wconf 88' lang='lat' dir='ltr'>ad</span> <span class='ocrx_word' id='word_1_65' title='bbox 376 930 518 960; x_wconf 80' lang='lat' dir='ltr'>aeternas</span> 
     </span>
     <span class='ocr_line' id='line_1_20' title="bbox 224 975 653 1019; baseline 0.007 -14"><span class='ocrx_word' id='word_1_66' title='bbox 224 977 387 1014; x_wconf 87' lang='lat' dir='ltr'>susceptus</span> <span class='ocrx_word' id='word_1_67' title='bbox 413 975 542 1006; x_wconf 87' lang='lat' dir='ltr'>coelitus</span> <span class='ocrx_word' id='word_1_68' title='bbox 567 976 653 1019; x_wconf 83' lang='lat' dir='ltr'>odas,</span> 
     </span>
     <span class='ocr_line' id='line_1_21' title="bbox 180 1020 513 1053; baseline 0.003 -1"><span class='ocrx_word' id='word_1_69' title='bbox 180 1020 369 1053; x_wconf 88' lang='lat' dir='ltr'>Commenda</span> <span class='ocrx_word' id='word_1_70' title='bbox 389 1025 513 1053; x_wconf 89' lang='lat' dir='ltr'>nostros</span> 
     </span>
     <span class='ocr_line' id='line_1_22' title="bbox 223 1067 723 1110; baseline 0.006 -12"><span class='ocrx_word' id='word_1_71' title='bbox 223 1067 368 1110; x_wconf 84' lang='lat' dir='ltr'>Domino,</span> <span class='ocrx_word' id='word_1_72' title='bbox 377 1069 590 1108; x_wconf 81' lang='lat' dir='ltr'>paterinciite,</span> <span class='ocrx_word' id='word_1_73' title='bbox 603 1072 723 1101; x_wconf 85' lang='lat' dir='ltr'>cantus.</span> 
     </span>
    </p>
   </div>
   <div class='ocr_carea' id='block_1_8' title="bbox 121 1123 719 1305">
    <p class='ocr_par' dir='ltr' id='par_1_9' title="bbox 121 1123 719 1305">
     <span class='ocr_line' id='line_1_23' title="bbox 121 1123 459 1155; baseline 0 -1"><span class='ocrx_word' id='word_1_74' title='bbox 121 1123 151 1154; x_wconf 82' lang='lat'>3.</span> <span class='ocrx_word' id='word_1_75' title='bbox 178 1124 334 1155; x_wconf 87' lang='lat' dir='ltr'>Virtutum</span> <span class='ocrx_word' id='word_1_76' title='bbox 360 1124 459 1155; x_wconf 90' lang='lat' dir='ltr'>titulis</span> 
     </span>
     <span class='ocr_line' id='line_1_24' title="bbox 224 1171 647 1210; baseline 0.005 -9"><span class='ocrx_word' id='word_1_77' title='bbox 224 1171 406 1210; x_wconf 80' lang='lat' dir='ltr'>resplendet</span> <span class='ocrx_word' id='word_1_78' title='bbox 429 1171 522 1203; x_wconf 91' lang='lat' dir='ltr'>turba</span> <span class='ocrx_word' id='word_1_79' title='bbox 544 1171 647 1203; x_wconf 87' lang='lat' dir='ltr'>fidelis</span> 
     </span>
     <span class='ocr_line' id='line_1_25' title="bbox 176 1215 505 1257; baseline 0.006 -10"><span class='ocrx_word' id='word_1_80' title='bbox 176 1215 358 1248; x_wconf 86' lang='lat' dir='ltr'>Sanctorum</span> <span class='ocrx_word' id='word_1_81' title='bbox 380 1220 505 1257; x_wconf 89' lang='lat' dir='ltr'>patrum</span> 
     </span>
     <span class='ocr_line' id='line_1_26' title="bbox 225 1263 719 1305; baseline 0.01 -11"><span class='ocrx_word' id='word_1_82' title='bbox 225 1263 341 1295; x_wconf 87' lang='lat' dir='ltr'>Christi</span> <span class='ocrx_word' id='word_1_83' title='bbox 364 1264 513 1296; x_wconf 87' lang='lat' dir='ltr'>mandata</span> <span class='ocrx_word' id='word_1_84' title='bbox 528 1269 719 1305; x_wconf 89' lang='lat' dir='ltr'>sequentum.</span> 
     </span>
    </p>
   </div>
   <div class='ocr_carea' id='block_1_9' title="bbox 115 1318 672 1694">
    <p class='ocr_par' dir='ltr' id='par_1_10' title="bbox 115 1318 672 1694">
     <span class='ocr_line' id='line_1_27' title="bbox 120 1318 495 1360; baseline 0.005 -11"><span class='ocrx_word' id='word_1_85' title='bbox 120 1318 151 1350; x_wconf 86' lang='lat'>4.</span> <span class='ocrx_word' id='word_1_86' title='bbox 178 1319 265 1350; x_wconf 89' lang='lat' dir='ltr'>Inter</span> <span class='ocrx_word' id='word_1_87' title='bbox 289 1329 364 1359; x_wconf 89' lang='lat' dir='ltr'>quos</span> <span class='ocrx_word' id='word_1_88' title='bbox 389 1319 495 1360; x_wconf 84' lang='lat' dir='ltr'>Vigor,</span> 
     </span>
     <span class='ocr_line' id='line_1_28' title="bbox 222 1366 603 1408; baseline 0.005 -10"><span class='ocrx_word' id='word_1_89' title='bbox 222 1366 346 1398; x_wconf 83' lang='lat' dir='ltr'>divinae</span> <span class='ocrx_word' id='word_1_90' title='bbox 369 1367 448 1398; x_wconf 91' lang='lat' dir='ltr'>lucis</span> <span class='ocrx_word' id='word_1_91' title='bbox 473 1371 603 1408; x_wconf 87' lang='lat' dir='ltr'>amator,</span> 
     </span>
     <span class='ocr_line' id='line_1_29' title="bbox 176 1411 503 1453; baseline 0.006 -10"><span class='ocrx_word' id='word_1_92' title='bbox 176 1411 383 1451; x_wconf 84' lang='lat' dir='ltr'>Splendiferis</span> <span class='ocrx_word' id='word_1_93' title='bbox 408 1413 503 1453; x_wconf 85' lang='lat' dir='ltr'>signis</span> 
     </span>
     <span class='ocr_line' id='line_1_30' title="bbox 221 1460 672 1496; baseline 0.011 -6"><span class='ocrx_word' id='word_1_94' title='bbox 221 1460 329 1491; x_wconf 81' lang='lat' dir='ltr'>rutilat</span> <span class='ocrx_word' id='word_1_95' title='bbox 351 1460 439 1492; x_wconf 81' lang='lat' dir='ltr'>velut</span> <span class='ocrx_word' id='word_1_96' title='bbox 462 1460 564 1492; x_wconf 83' lang='lat' dir='ltr'>orbita</span> <span class='ocrx_word' id='word_1_97' title='bbox 588 1463 672 1496; x_wconf 84' lang='lat' dir='ltr'>solis.</span> 
     </span>
     <span class='ocr_line' id='line_1_31' title="bbox 115 1515 536 1557; baseline 0.005 -11"><span class='ocrx_word' id='word_1_98' title='bbox 115 1515 145 1546; x_wconf 89' lang='lat'>5.</span> <span class='ocrx_word' id='word_1_99' title='bbox 172 1515 310 1555; x_wconf 84' lang='lat' dir='ltr'>Angelus</span> <span class='ocrx_word' id='word_1_100' title='bbox 334 1516 417 1547; x_wconf 87' lang='lat' dir='ltr'>hunc</span> <span class='ocrx_word' id='word_1_101' title='bbox 434 1517 536 1557; x_wconf 84' lang='lat' dir='ltr'>matri,</span> 
     </span>
     <span class='ocr_line' id='line_1_32' title="bbox 219 1562 671 1605; baseline 0.009 -13"><span class='ocrx_word' id='word_1_102' title='bbox 219 1570 347 1600; x_wconf 84' lang='lat' dir='ltr'>pressae</span> <span class='ocrx_word' id='word_1_103' title='bbox 373 1562 539 1594; x_wconf 87' lang='lat' dir='ltr'>dulcedine</span> <span class='ocrx_word' id='word_1_104' title='bbox 561 1566 671 1605; x_wconf 88' lang='lat' dir='ltr'>somni,</span> 
     </span>
     <span class='ocr_line' id='line_1_33' title="bbox 175 1607 504 1648; baseline 0.006 -10"><span class='ocrx_word' id='word_1_105' title='bbox 175 1607 334 1640; x_wconf 86' lang='lat' dir='ltr'>Pastorem</span> <span class='ocrx_word' id='word_1_106' title='bbox 360 1618 504 1648; x_wconf 87' lang='lat' dir='ltr'>magnum</span> 
     </span>
     <span class='ocr_line' id='line_1_34' title="bbox 221 1655 646 1694; baseline 0.007 -8"><span class='ocrx_word' id='word_1_107' title='bbox 221 1656 380 1694; x_wconf 83' lang='lat' dir='ltr'>praedixit</span> <span class='ocrx_word' id='word_1_108' title='bbox 405 1664 474 1687; x_wconf 87' lang='lat' dir='ltr'>esse</span> <span class='ocrx_word' id='word_1_109' title='bbox 496 1655 646 1690; x_wconf 80' lang='lat' dir='ltr'>futurum.</span> 
     </span>
    </p>
   </div>
   <div class='ocr_carea' id='block_1_10' title="bbox 291 1728 532 1765">
    <p class='ocr_par' dir='ltr' id='par_1_11' title="bbox 291 1728 532 1765">
     <span class='ocr_line' id='line_1_35' title="bbox 291 1728 532 1765; baseline 0.004 -10"><span class='ocrx_word' id='word_1_110' title='bbox 291 1729 336 1755; x_wconf 87' lang='lat' dir='ltr'>Ad</span> <span class='ocrx_word' id='word_1_111' title='bbox 356 1728 532 1765; x_wconf 83' lang='lat' dir='ltr'>Magnificat.</span> 
     </span>
    </p>
   </div>
   <div class='ocr_carea' id='block_1_11' title="bbox 102 1784 718 2059">
    <p class='ocr_par' dir='ltr' id='par_1_12' title="bbox 102 1784 718 2059">
     <span class='ocr_line' id='line_1_36' title="bbox 102 1784 550 1827; baseline 0.007 -12"><span class='ocrx_word' id='word_1_112' title='bbox 102 1784 141 1818; x_wconf 91' lang='lat' dir='ltr'>A.</span> <span class='ocrx_word' id='word_1_113' title='bbox 173 1784 293 1824; x_wconf 85' lang='lat' dir='ltr'>Gratia,</span> <span class='ocrx_word' id='word_1_114' title='bbox 321 1785 454 1825; x_wconf 86' lang='lat' dir='ltr'>Christe,</span> <span class='ocrx_word' id='word_1_115' title='bbox 482 1787 550 1827; x_wconf 87' lang='lat' dir='ltr'>tibi,</span> 
     </span>
     <span class='ocr_line' id='line_1_37' title="bbox 218 1831 603 1871; baseline 0.008 -9"><span class='ocrx_word' id='word_1_116' title='bbox 218 1831 365 1871; x_wconf 89' lang='lat' dir='ltr'>Vigorem</span> <span class='ocrx_word' id='word_1_117' title='bbox 390 1833 442 1871; x_wconf 87' lang='lat' dir='ltr'>qui</span> <span class='ocrx_word' id='word_1_118' title='bbox 466 1835 603 1865; x_wconf 87' lang='lat' dir='ltr'>statuisti</span> 
     </span>
     <span class='ocr_line' id='line_1_38' title="bbox 170 1878 522 1919; baseline 0.006 -10"><span class='ocrx_word' id='word_1_119' title='bbox 170 1878 319 1918; x_wconf 85' lang='lat' dir='ltr'>Magnum</span> <span class='ocrx_word' id='word_1_120' title='bbox 342 1879 522 1919; x_wconf 86' lang='lat' dir='ltr'>pontificem</span> 
     </span>
     <span class='ocr_line' id='line_1_39' title="bbox 215 1927 718 1968; baseline 0.008 -12"><span class='ocrx_word' id='word_1_121' title='bbox 215 1927 320 1956; x_wconf 79' lang='lat' dir='ltr'>tecum</span> <span class='ocrx_word' id='word_1_122' title='bbox 339 1934 435 1966; x_wconf 86' lang='lat' dir='ltr'>super</span> <span class='ocrx_word' id='word_1_123' title='bbox 450 1927 585 1958; x_wconf 86' lang='lat' dir='ltr'>aetheris</span> <span class='ocrx_word' id='word_1_124' title='bbox 603 1937 718 1968; x_wconf 88' lang='lat' dir='ltr'>arcem,</span> 
     </span>
     <span class='ocr_line' id='line_1_40' title="bbox 170 1971 489 2013; baseline 0.009 -11"><span class='ocrx_word' id='word_1_125' title='bbox 170 1971 260 2003; x_wconf 88' lang='lat' dir='ltr'>Illius</span> <span class='ocrx_word' id='word_1_126' title='bbox 286 1976 320 2003; x_wconf 90' lang='lat' dir='ltr'>ut</span> <span class='ocrx_word' id='word_1_127' title='bbox 343 1973 489 2013; x_wconf 86' lang='lat' dir='ltr'>precibus</span> 
     </span>
     <span class='ocr_line' id='line_1_41' title="bbox 217 2018 638 2059; baseline 0.01 -9"><span class='ocrx_word' id='word_1_128' title='bbox 217 2018 307 2050; x_wconf 90' lang='lat' dir='ltr'>nobis</span> <span class='ocrx_word' id='word_1_129' title='bbox 331 2023 440 2059; x_wconf 86' lang='lat' dir='ltr'>pateat</span> <span class='ocrx_word' id='word_1_130' title='bbox 462 2021 638 2059; x_wconf 82' lang='lat' dir='ltr'>paradisus.</span> 
     </span>
    </p>
   </div>
   <div class='ocr_carea' id='block_1_12' title="bbox 225 2122 571 2156">
    <p class='ocr_par' dir='ltr' id='par_1_13' title="bbox 225 2122 571 2156">
     <span class='ocr_line' id='line_1_42' title="bbox 225 2122 571 2156; baseline 0.006 -2"><span class='ocrx_word' id='word_1_131' title='bbox 225 2122 287 2154; x_wconf 84' lang='lat' dir='ltr'>Ad</span> <span class='ocrx_word' id='word_1_132' title='bbox 311 2123 492 2155; x_wconf 85' lang='lat' dir='ltr'>Matutin</span> <span class='ocrx_word' id='word_1_133' title='bbox 503 2134 571 2156; x_wconf 90' lang='lat' dir='ltr'>um.</span> 
     </span>
    </p>
   </div>
   <div class='ocr_carea' id='block_1_13' title="bbox 300 2188 514 2216">
    <p class='ocr_par' dir='ltr' id='par_1_14' title="bbox 300 2188 514 2216">
     <span class='ocr_line' id='line_1_43' title="bbox 300 2188 514 2216; baseline 0.005 -1"><span class='ocrx_word' id='word_1_134' title='bbox 300 2188 514 2216; x_wconf 75' lang='lat' dir='ltr'>Invita-‘corium-</span> 
     </span>
    </p>
   </div>
   <div class='ocr_carea' id='block_1_14' title="bbox 166 2243 716 2427">
    <p class='ocr_par' dir='ltr' id='par_1_15' title="bbox 166 2243 458 2286">
     <span class='ocr_line' id='line_1_44' title="bbox 166 2243 458 2286; baseline 0.01 -11"><span class='ocrx_word' id='word_1_135' title='bbox 166 2243 330 2277; x_wconf 87' lang='lat' dir='ltr'>Ecclesiae</span> <span class='ocrx_word' id='word_1_136' title='bbox 353 2246 458 2286; x_wconf 87' lang='lat' dir='ltr'>proles</span> 
     </span>
    </p>

    <p class='ocr_par' dir='ltr' id='par_1_16' title="bbox 168 2291 716 2380">
     <span class='ocr_line' id='line_1_45' title="bbox 216 2291 716 2337; baseline 0.008 -13"><span class='ocrx_word' id='word_1_137' title='bbox 216 2291 340 2324; x_wconf 87' lang='lat' dir='ltr'>Christo</span> <span class='ocrx_word' id='word_1_138' title='bbox 364 2295 456 2325; x_wconf 86' lang='lat' dir='ltr'>canat</span> <span class='ocrx_word' id='word_1_139' title='bbox 470 2294 581 2327; x_wconf 88' lang='lat' dir='ltr'>inclita</span> <span class='ocrx_word' id='word_1_140' title='bbox 596 2295 716 2337; x_wconf 88' lang='lat' dir='ltr'>laudes,</span> 
     </span>
     <span class='ocr_line' id='line_1_46' title="bbox 168 2337 524 2380; baseline 0.011 -11"><span class='ocrx_word' id='word_1_141' title='bbox 168 2337 227 2377; x_wconf 81' lang='lat' dir='ltr'>Qui</span> <span class='ocrx_word' id='word_1_142' title='bbox 253 2339 341 2371; x_wconf 80' lang='lat' dir='ltr'>dedit</span> <span class='ocrx_word' id='word_1_143' title='bbox 365 2341 524 2380; x_wconf 85' lang='lat' dir='ltr'>angelicae</span> 
     </span>
    </p>

    <p class='ocr_par' dir='ltr' id='par_1_17' title="bbox 214 2386 603 2427">
     <span class='ocr_line' id='line_1_47' title="bbox 214 2386 603 2427; baseline 0.013 -10"><span class='ocrx_word' id='word_1_144' title='bbox 214 2386 322 2426; x_wconf 83' lang='lat' dir='ltr'>Vigori</span> <span class='ocrx_word' id='word_1_145' title='bbox 346 2389 487 2427; x_wconf 85' lang='lat' dir='ltr'>praemia</span> <span class='ocrx_word' id='word_1_146' title='bbox 511 2390 603 2422; x_wconf 82' lang='lat' dir='ltr'>vitae.</span> 
     </span>
    </p>
   </div>
   <div class='ocr_carea' id='block_1_15' title="bbox 799 610 1401 884">
    <p class='ocr_par' dir='ltr' id='par_1_18' title="bbox 799 610 1401 884">
     <span class='ocr_line' id='line_1_48' title="bbox 902 610 1258 644; baseline 0.003 -2"><span class='ocrx_word' id='word_1_147' title='bbox 902 611 948 642; x_wconf 90' lang='lat' dir='ltr'>In</span> <span class='ocrx_word' id='word_1_148' title='bbox 975 611 1004 644; x_wconf 88' lang='lat'>1.</span> <span class='ocrx_word' id='word_1_149' title='bbox 1031 610 1258 643; x_wconf 78' lang='lat' dir='ltr'>Nocturno.</span> 
     </span>
     <span class='ocr_line' id='line_1_49' title="bbox 997 661 1191 697; baseline 0 -8"><span class='ocrx_word' id='word_1_150' title='bbox 997 661 1191 697; x_wconf 76' lang='lat' dir='ltr'>Antiphonae.</span> 
     </span>
     <span class='ocr_line' id='line_1_50' title="bbox 799 703 1193 748; baseline 0.005 -14"><span class='ocrx_word' id='word_1_151' title='bbox 799 704 814 735; x_wconf 88' lang='lat'>1</span> <span class='ocrx_word' id='word_1_152' title='bbox 822 728 829 735; x_wconf 91' lang='lat'>.</span> <span class='ocrx_word' id='word_1_153' title='bbox 856 703 1005 736; x_wconf 82' lang='lat' dir='ltr'>Nascitur</span> <span class='ocrx_word' id='word_1_154' title='bbox 1030 708 1062 736; x_wconf 89' lang='lat' dir='ltr'>et</span> <span class='ocrx_word' id='word_1_155' title='bbox 1086 706 1193 748; x_wconf 86' lang='lat' dir='ltr'>crevit,</span> 
     </span>
     <span class='ocr_line' id='line_1_51' title="bbox 902 752 1397 795; baseline 0.008 -13"><span class='ocrx_word' id='word_1_156' title='bbox 902 760 992 790; x_wconf 88' lang='lat' dir='ltr'>quem</span> <span class='ocrx_word' id='word_1_157' title='bbox 1017 752 1146 792; x_wconf 84' lang='lat' dir='ltr'>spiritus</span> <span class='ocrx_word' id='word_1_158' title='bbox 1163 753 1235 793; x_wconf 86' lang='lat' dir='ltr'>igne</span> <span class='ocrx_word' id='word_1_159' title='bbox 1251 755 1397 795; x_wconf 85' lang='lat' dir='ltr'>replevit,</span> 
     </span>
     <span class='ocr_line' id='line_1_52' title="bbox 851 798 1103 830; baseline 0.004 -2"><span class='ocrx_word' id='word_1_160' title='bbox 851 798 1004 829; x_wconf 88' lang='lat' dir='ltr'>Ardentis</span> <span class='ocrx_word' id='word_1_161' title='bbox 1027 798 1103 830; x_wconf 87' lang='lat' dir='ltr'>fidei</span> 
     </span>
     <span class='ocr_line' id='line_1_53' title="bbox 900 846 1401 884; baseline 0.01 -9"><span class='ocrx_word' id='word_1_162' title='bbox 900 853 978 883; x_wconf 89' lang='lat' dir='ltr'>quae</span> <span class='ocrx_word' id='word_1_163' title='bbox 990 850 1063 877; x_wconf 85' lang='lat' dir='ltr'>sunt</span> <span class='ocrx_word' id='word_1_164' title='bbox 1073 846 1126 884; x_wconf 88' lang='lat' dir='ltr'>pia</span> <span class='ocrx_word' id='word_1_165' title='bbox 1134 855 1264 879; x_wconf 86' lang='lat' dir='ltr'>munera</span> <span class='ocrx_word' id='word_1_166' title='bbox 1274 847 1401 880; x_wconf 82' lang='lat' dir='ltr'>Christi.</span> 
     </span>
    </p>
   </div>
   <div class='ocr_carea' id='block_1_16' title="bbox 793 900 1151 941">
    <p class='ocr_par' dir='ltr' id='par_1_19' title="bbox 793 900 1151 941">
     <span class='ocr_line' id='line_1_54' title="bbox 793 900 1151 941; baseline 0.006 -10"><span class='ocrx_word' id='word_1_167' title='bbox 793 901 825 931; x_wconf 83' lang='lat'>2.</span> <span class='ocrx_word' id='word_1_168' title='bbox 852 900 876 931; x_wconf 96' lang='grc' dir='ltr'>Ο</span> <span class='ocrx_word' id='word_1_169' title='bbox 901 900 988 932; x_wconf 89' lang='lat' dir='ltr'>Deus</span> <span class='ocrx_word' id='word_1_170' title='bbox 1013 904 1151 941; x_wconf 79' lang='lat' dir='ltr'>aeterne,</span> 
     </span>
    </p>
   </div>
   <div class='ocr_carea' id='block_1_17' title="bbox 852 950 1401 1078">
    <p class='ocr_par' dir='ltr' id='par_1_20' title="bbox 852 950 1401 1078">
     <span class='ocr_line' id='line_1_55' title="bbox 900 950 1365 993; baseline 0.011 -15"><span class='ocrx_word' id='word_1_171' title='bbox 900 951 1079 980; x_wconf 88' lang='lat' dir='ltr'>cunctorum</span> <span class='ocrx_word' id='word_1_172' title='bbox 1106 950 1250 982; x_wconf 88' lang='lat' dir='ltr'>conditor</span> <span class='ocrx_word' id='word_1_173' title='bbox 1273 951 1365 993; x_wconf 87' lang='lat' dir='ltr'>alme,</span> 
     </span>
     <span class='ocr_line' id='line_1_56' title="bbox 852 993 1152 1036; baseline 0.007 -12"><span class='ocrx_word' id='word_1_174' title='bbox 852 993 910 1031; x_wconf 85' lang='lat' dir='ltr'>Qui</span> <span class='ocrx_word' id='word_1_175' title='bbox 935 995 981 1025; x_wconf 88' lang='lat' dir='ltr'>sic</span> <span class='ocrx_word' id='word_1_176' title='bbox 1005 996 1152 1036; x_wconf 86' lang='lat' dir='ltr'>Vigorem</span> 
     </span>
     <span class='ocr_line' id='line_1_57' title="bbox 898 1043 1401 1078; baseline 0.012 -7"><span class='ocrx_word' id='word_1_177' title='bbox 898 1043 1107 1073; x_wconf 86' lang='lat' dir='ltr'>conscendere</span> <span class='ocrx_word' id='word_1_178' title='bbox 1121 1043 1176 1074; x_wconf 85' lang='lat' dir='ltr'>das</span> <span class='ocrx_word' id='word_1_179' title='bbox 1190 1044 1232 1075; x_wconf 91' lang='lat' dir='ltr'>ad</span> <span class='ocrx_word' id='word_1_180' title='bbox 1242 1044 1401 1078; x_wconf 84' lang='lat' dir='ltr'>honorem.</span> 
     </span>
    </p>
   </div>
   <div class='ocr_carea' id='block_1_18' title="bbox 794 1095 1172 1136">
    <p class='ocr_par' dir='ltr' id='par_1_21' title="bbox 794 1095 1172 1136">
     <span class='ocr_line' id='line_1_58' title="bbox 794 1095 1172 1136; baseline 0.005 -9"><span class='ocrx_word' id='word_1_181' title='bbox 794 1096 824 1128; x_wconf 87' lang='lat'>3.</span> <span class='ocrx_word' id='word_1_182' title='bbox 850 1095 1037 1136; x_wconf 87' lang='lat' dir='ltr'>Despiciens</span> <span class='ocrx_word' id='word_1_183' title='bbox 1062 1099 1172 1129; x_wconf 89' lang='lat' dir='ltr'>stolidi</span> 
     </span>
    </p>
   </div>
   <div class='ocr_carea' id='block_1_19' title="bbox 851 1147 1399 1278">
    <p class='ocr_par' dir='ltr' id='par_1_22' title="bbox 851 1147 1399 1278">
     <span class='ocr_line' id='line_1_59' title="bbox 897 1147 1396 1188; baseline 0.012 -14"><span class='ocrx_word' id='word_1_184' title='bbox 897 1152 976 1182; x_wconf 88' lang='lat' dir='ltr'>quae</span> <span class='ocrx_word' id='word_1_185' title='bbox 992 1148 1065 1176; x_wconf 79' lang='lat' dir='ltr'>sunt</span> <span class='ocrx_word' id='word_1_186' title='bbox 1081 1154 1137 1176; x_wconf 86' lang='lat' dir='ltr'>sua</span> <span class='ocrx_word' id='word_1_187' title='bbox 1148 1147 1264 1185; x_wconf 85' lang='lat' dir='ltr'>gaudia</span> <span class='ocrx_word' id='word_1_188' title='bbox 1277 1149 1396 1188; x_wconf 86' lang='lat' dir='ltr'>mundi,</span> 
     </span>
     <span class='ocr_line' id='line_1_60' title="bbox 851 1188 1194 1229; baseline 0.012 -9"><span class='ocrx_word' id='word_1_189' title='bbox 851 1188 915 1221; x_wconf 89' lang='lat' dir='ltr'>Sub</span> <span class='ocrx_word' id='word_1_190' title='bbox 940 1194 1031 1229; x_wconf 88' lang='lat' dir='ltr'>patre</span> <span class='ocrx_word' id='word_1_191' title='bbox 1056 1192 1194 1224; x_wconf 85' lang='lat' dir='ltr'>vedasto</span> 
     </span>
     <span class='ocr_line' id='line_1_61' title="bbox 896 1239 1399 1278; baseline 0.012 -10"><span class='ocrx_word' id='word_1_192' title='bbox 896 1239 1064 1270; x_wconf 88' lang='lat' dir='ltr'>monachus</span> <span class='ocrx_word' id='word_1_193' title='bbox 1092 1244 1293 1278; x_wconf 82' lang='lat' dir='ltr'>processerat</span> <span class='ocrx_word' id='word_1_194' title='bbox 1314 1245 1399 1274; x_wconf 78' lang='lat' dir='ltr'>actu.</span> 
     </span>
    </p>
   </div>
   <div class='ocr_carea' id='block_1_20' title="bbox 970 1303 1206 1339">
    <p class='ocr_par' dir='ltr' id='par_1_23' title="bbox 970 1303 1206 1339">
     <span class='ocr_line' id='line_1_62' title="bbox 970 1303 1206 1339; baseline 0.008 -10"><span class='ocrx_word' id='word_1_195' title='bbox 970 1303 1206 1339; x_wconf 88' lang='lat' dir='ltr'>Responsorium.</span> 
     </span>
    </p>
   </div>
   <div class='ocr_carea' id='block_1_21' title="bbox 777 1348 1348 1394">
    <p class='ocr_par' dir='ltr' id='par_1_24' title="bbox 777 1348 1348 1394">
     <span class='ocr_line' id='line_1_63' title="bbox 777 1348 1348 1394; baseline 0.011 -15"><span class='ocrx_word' id='word_1_196' title='bbox 777 1348 815 1380; x_wconf 88' lang='lat' dir='ltr'>R.</span> <span class='ocrx_word' id='word_1_197' title='bbox 847 1348 962 1381; x_wconf 88' lang='lat' dir='ltr'>Servus</span> <span class='ocrx_word' id='word_1_198' title='bbox 987 1351 1105 1383; x_wconf 86' lang='lat' dir='ltr'>Christi</span> <span class='ocrx_word' id='word_1_199' title='bbox 1129 1354 1241 1384; x_wconf 88' lang='lat' dir='ltr'>summi</span> <span class='ocrx_word' id='word_1_200' title='bbox 1266 1355 1348 1394; x_wconf 87' lang='lat' dir='ltr'>regis</span> 
     </span>
    </p>
   </div>
   <div class='ocr_carea' id='block_1_22' title="bbox 846 1396 1312 1627">
    <p class='ocr_par' dir='ltr' id='par_1_25' title="bbox 846 1396 1312 1627">
     <span class='ocr_line' id='line_1_64' title="bbox 890 1396 1239 1440; baseline 0.009 -13"><span class='ocrx_word' id='word_1_201' title='bbox 890 1396 986 1436; x_wconf 83' lang='lat' dir='ltr'>Vigor</span> <span class='ocrx_word' id='word_1_202' title='bbox 1011 1401 1079 1430; x_wconf 88' lang='lat' dir='ltr'>erat</span> <span class='ocrx_word' id='word_1_203' title='bbox 1103 1398 1239 1440; x_wconf 89' lang='lat' dir='ltr'>humilis,</span> 
     </span>
     <span class='ocr_line' id='line_1_65' title="bbox 846 1442 1312 1479; baseline 0.013 -6"><span class='ocrx_word' id='word_1_204' title='bbox 846 1442 891 1474; x_wconf 89' lang='lat' dir='ltr'>Ut</span> <span class='ocrx_word' id='word_1_205' title='bbox 917 1444 970 1475; x_wconf 88' lang='lat' dir='ltr'>det</span> <span class='ocrx_word' id='word_1_206' title='bbox 993 1445 1054 1476; x_wconf 86' lang='lat' dir='ltr'>sibi</span> <span class='ocrx_word' id='word_1_207' title='bbox 1078 1445 1181 1477; x_wconf 89' lang='lat' dir='ltr'>lumen</span> <span class='ocrx_word' id='word_1_208' title='bbox 1206 1455 1312 1479; x_wconf 88' lang='lat' dir='ltr'>verum</span> 
     </span>
     <span class='ocr_line' id='line_1_66' title="bbox 894 1492 1285 1535; baseline 0.01 -15"><span class='ocrx_word' id='word_1_209' title='bbox 894 1493 924 1520; x_wconf 91' lang='lat' dir='ltr'>et</span> <span class='ocrx_word' id='word_1_210' title='bbox 950 1492 1115 1523; x_wconf 87' lang='lat' dir='ltr'>coelestem</span> <span class='ocrx_word' id='word_1_211' title='bbox 1138 1493 1285 1535; x_wconf 85' lang='lat' dir='ltr'>animum,</span> 
     </span>
     <span class='ocr_line' id='line_1_67' title="bbox 846 1536 1265 1577; baseline 0.014 -12"><span class='ocrx_word' id='word_1_212' title='bbox 846 1536 964 1575; x_wconf 79' lang='lat' dir='ltr'>Quibus</span> <span class='ocrx_word' id='word_1_213' title='bbox 989 1539 1042 1570; x_wconf 86' lang='lat' dir='ltr'>via</span> <span class='ocrx_word' id='word_1_214' title='bbox 1065 1541 1152 1577; x_wconf 85' lang='lat' dir='ltr'>patet</span> <span class='ocrx_word' id='word_1_215' title='bbox 1177 1543 1265 1571; x_wconf 85' lang='lat' dir='ltr'>recta</span> 
     </span>
     <span class='ocr_line' id='line_1_68' title="bbox 892 1584 1284 1627; baseline 0.01 -13"><span class='ocrx_word' id='word_1_216' title='bbox 892 1584 935 1614; x_wconf 84' lang='lat' dir='ltr'>ad</span> <span class='ocrx_word' id='word_1_217' title='bbox 958 1586 1116 1617; x_wconf 82' lang='lat' dir='ltr'>coelorum</span> <span class='ocrx_word' id='word_1_218' title='bbox 1139 1587 1284 1627; x_wconf 86' lang='lat' dir='ltr'>culmina,</span> 
     </span>
    </p>
   </div>
   <div class='ocr_carea' id='block_1_23' title="bbox 778 1628 1244 1664">
    <p class='ocr_par' dir='ltr' id='par_1_26' title="bbox 778 1628 1244 1664">
     <span class='ocr_line' id='line_1_69' title="bbox 778 1628 1244 1664; baseline 0.011 -5"><span class='ocrx_word' id='word_1_219' title='bbox 778 1628 815 1660; x_wconf 93' lang='lat' dir='ltr'>V.</span> <span class='ocrx_word' id='word_1_220' title='bbox 851 1628 1052 1663; x_wconf 84' lang='lat' dir='ltr'>Consortatur</span> <span class='ocrx_word' id='word_1_221' title='bbox 1078 1633 1159 1664; x_wconf 90' lang='lat' dir='ltr'>dono</span> <span class='ocrx_word' id='word_1_222' title='bbox 1184 1633 1244 1664; x_wconf 92' lang='lat' dir='ltr'>Dei</span> 
     </span>
    </p>
   </div>
   <div class='ocr_carea' id='block_1_24' title="bbox 891 1678 1185 1716">
    <p class='ocr_par' dir='ltr' id='par_1_27' title="bbox 891 1678 1185 1716">
     <span class='ocr_line' id='line_1_70' title="bbox 891 1678 1185 1716; baseline 0.017 -9"><span class='ocrx_word' id='word_1_223' title='bbox 891 1679 985 1716; x_wconf 89' lang='lat' dir='ltr'>atque</span> <span class='ocrx_word' id='word_1_224' title='bbox 1008 1679 1078 1710; x_wconf 92' lang='lat' dir='ltr'>luce</span> <span class='ocrx_word' id='word_1_225' title='bbox 1101 1678 1185 1713; x_wconf 90' lang='lat' dir='ltr'>fidei.</span> 
     </span>
    </p>
   </div>
   <div class='ocr_carea' id='block_1_25' title="bbox 791 1753 1265 1894">
    <p class='ocr_par' dir='ltr' id='par_1_28' title="bbox 791 1753 1265 1894">
     <span class='ocr_line' id='line_1_71' title="bbox 910 1753 1265 1788; baseline 0.011 -4"><span class='ocrx_word' id='word_1_226' title='bbox 910 1753 952 1784; x_wconf 90' lang='lat' dir='ltr'>In</span> <span class='ocrx_word' id='word_1_227' title='bbox 979 1755 1009 1786; x_wconf 89' lang='lat'>2.</span> <span class='ocrx_word' id='word_1_228' title='bbox 1036 1753 1265 1788; x_wconf 82' lang='lat' dir='ltr'>Nocturno.</span> 
     </span>
     <span class='ocr_line' id='line_1_72' title="bbox 989 1808 1182 1844; baseline 0.016 -9"><span class='ocrx_word' id='word_1_229' title='bbox 989 1808 1182 1844; x_wconf 76' lang='lat' dir='ltr'>Antiphonae.</span> 
     </span>
     <span class='ocr_line' id='line_1_73' title="bbox 791 1853 1181 1894; baseline 0.015 -10"><span class='ocrx_word' id='word_1_230' title='bbox 791 1853 821 1885; x_wconf 87' lang='lat'>1.</span> <span class='ocrx_word' id='word_1_231' title='bbox 847 1856 985 1894; x_wconf 82' lang='lat' dir='ltr'>Angelus</span> <span class='ocrx_word' id='word_1_232' title='bbox 1007 1857 1040 1888; x_wconf 90' lang='lat' dir='ltr'>in</span> <span class='ocrx_word' id='word_1_233' title='bbox 1065 1859 1181 1890; x_wconf 86' lang='lat' dir='ltr'>somnis</span> 
     </span>
    </p>
   </div>
   <div class='ocr_carea' id='block_1_26' title="bbox 845 1901 1327 1984">
    <p class='ocr_par' dir='ltr' id='par_1_29' title="bbox 845 1901 1327 1984">
     <span class='ocr_line' id='line_1_74' title="bbox 893 1901 1327 1945; baseline 0.018 -12"><span class='ocrx_word' id='word_1_234' title='bbox 893 1901 1038 1943; x_wconf 89' lang='lat' dir='ltr'>Vigorem</span> <span class='ocrx_word' id='word_1_235' title='bbox 1061 1906 1203 1945; x_wconf 85' lang='lat' dir='ltr'>tempore</span> <span class='ocrx_word' id='word_1_236' title='bbox 1227 1910 1327 1941; x_wconf 91' lang='lat' dir='ltr'>noctis</span> 
     </span>
     <span class='ocr_line' id='line_1_75' title="bbox 845 1948 1142 1984; baseline 0.02 -6"><span class='ocrx_word' id='word_1_237' title='bbox 845 1948 1035 1982; x_wconf 88' lang='lat' dir='ltr'>Accelerare</span> <span class='ocrx_word' id='word_1_238' title='bbox 1059 1952 1142 1984; x_wconf 88' lang='lat' dir='ltr'>viam</span> 
     </span>
    </p>
   </div>
   <div class='ocr_carea' id='block_1_27' title="bbox 892 1998 1392 2043">
    <p class='ocr_par' dir='ltr' id='par_1_30' title="bbox 892 1998 1392 2043">
     <span class='ocr_line' id='line_1_76' title="bbox 892 1998 1392 2043; baseline 0.02 -16"><span class='ocrx_word' id='word_1_239' title='bbox 892 1998 1012 2029; x_wconf 85' lang='lat' dir='ltr'>monuit</span> <span class='ocrx_word' id='word_1_240' title='bbox 1019 2000 1085 2038; x_wconf 81' lang='lat' dir='ltr'>J&#39;am</span> <span class='ocrx_word' id='word_1_241' title='bbox 1097 2000 1230 2041; x_wconf 87' lang='lat' dir='ltr'>denique</span> <span class='ocrx_word' id='word_1_242' title='bbox 1240 2007 1392 2043; x_wconf 87' lang='lat' dir='ltr'>coeptam.</span> 
     </span>
    </p>
   </div>
   <div class='ocr_carea' id='block_1_28' title="bbox 787 2051 1156 2094">
    <p class='ocr_par' dir='ltr' id='par_1_31' title="bbox 787 2051 1156 2094">
     <span class='ocr_line' id='line_1_77' title="bbox 787 2051 1156 2094; baseline 0.016 -11"><span class='ocrx_word' id='word_1_243' title='bbox 787 2052 818 2085; x_wconf 82' lang='lat'>2.</span> <span class='ocrx_word' id='word_1_244' title='bbox 843 2051 1005 2094; x_wconf 88' lang='lat' dir='ltr'>Evigilans</span> <span class='ocrx_word' id='word_1_245' title='bbox 1030 2059 1156 2089; x_wconf 84' lang='lat' dir='ltr'>sanctus</span> 
     </span>
    </p>
   </div>
   <div class='ocr_carea' id='block_1_29' title="bbox 842 2104 1279 2184">
    <p class='ocr_par' dir='ltr' id='par_1_32' title="bbox 842 2104 1279 2184">
     <span class='ocr_line' id='line_1_78' title="bbox 890 2104 1279 2147; baseline 0.021 -16"><span class='ocrx_word' id='word_1_246' title='bbox 890 2107 1058 2143; x_wconf 88' lang='lat' dir='ltr'>praecepto</span> <span class='ocrx_word' id='word_1_247' title='bbox 1081 2104 1279 2147; x_wconf 87' lang='lat' dir='ltr'>laetificatus,</span> 
     </span>
     <span class='ocr_line' id='line_1_79' title="bbox 842 2146 1172 2184; baseline 0.027 -8"><span class='ocrx_word' id='word_1_248' title='bbox 842 2146 982 2181; x_wconf 76' lang='lat' dir='ltr'>Venerat</span> <span class='ocrx_word' id='word_1_249' title='bbox 1005 2152 1047 2183; x_wconf 87' lang='lat' dir='ltr'>ad</span> <span class='ocrx_word' id='word_1_250' title='bbox 1071 2152 1172 2184; x_wconf 72' lang='lat' dir='ltr'>vicum</span> 
     </span>
    </p>
   </div>
   <div class='ocr_carea' id='block_1_30' title="bbox 889 2194 1363 2236">
    <p class='ocr_par' dir='ltr' id='par_1_33' title="bbox 889 2194 1363 2236">
     <span class='ocr_line' id='line_1_80' title="bbox 889 2194 1363 2236; baseline 0.021 -10"><span class='ocrx_word' id='word_1_251' title='bbox 889 2194 1061 2231; x_wconf 87' lang='lat' dir='ltr'>Redeveris</span> <span class='ocrx_word' id='word_1_252' title='bbox 1085 2201 1211 2232; x_wconf 85' lang='lat' dir='ltr'>nomine</span> <span class='ocrx_word' id='word_1_253' title='bbox 1236 2203 1363 2236; x_wconf 83' lang='lat' dir='ltr'>dictum.</span> 
     </span>
    </p>
   </div>
   <div class='ocr_carea' id='block_1_31' title="bbox 784 2249 1068 2287">
    <p class='ocr_par' dir='ltr' id='par_1_34' title="bbox 784 2249 1068 2287">
     <span class='ocr_line' id='line_1_81' title="bbox 784 2249 1068 2287; baseline 0.025 -6"><span class='ocrx_word' id='word_1_254' title='bbox 784 2249 816 2282; x_wconf 83' lang='lat'>3.</span> <span class='ocrx_word' id='word_1_255' title='bbox 841 2249 892 2282; x_wconf 89' lang='lat' dir='ltr'>Ibi</span> <span class='ocrx_word' id='word_1_256' title='bbox 915 2250 1068 2287; x_wconf 82' lang='lat' dir='ltr'>falsorum</span> 
     </span>
    </p>
   </div>
   <div class='ocr_carea' id='block_1_32' title="bbox 845 2302 1380 2391">
    <p class='ocr_par' dir='ltr' id='par_1_35' title="bbox 845 2302 1380 2391">
     <span class='ocr_line' id='line_1_82' title="bbox 892 2302 1380 2348; baseline 0.023 -18"><span class='ocrx_word' id='word_1_257' title='bbox 892 2307 1022 2333; x_wconf 88' lang='lat' dir='ltr'>cernens</span> <span class='ocrx_word' id='word_1_258' title='bbox 1046 2302 1215 2337; x_wconf 88' lang='lat' dir='ltr'>simulacra</span> <span class='ocrx_word' id='word_1_259' title='bbox 1240 2307 1380 2348; x_wconf 88' lang='lat' dir='ltr'>deorum,</span> 
     </span>
     <span class='ocr_line' id='line_1_83' title="bbox 845 2343 1185 2391; baseline 0.026 -15"><span class='ocrx_word' id='word_1_260' title='bbox 845 2343 998 2379; x_wconf 80' lang='lat' dir='ltr'>Condolet</span> <span class='ocrx_word' id='word_1_261' title='bbox 1020 2350 1185 2391; x_wconf 85' lang='lat' dir='ltr'>indigenas</span> 
     </span>
    </p>
   </div>
   <div class='ocr_carea' id='block_1_33' title="bbox 891 2393 1308 2439">
    <p class='ocr_par' dir='ltr' id='par_1_36' title="bbox 891 2393 1308 2439">
     <span class='ocr_line' id='line_1_84' title="bbox 891 2393 1308 2439; baseline 0.024 -15"><span class='ocrx_word' id='word_1_262' title='bbox 891 2393 976 2435; x_wconf 85' lang='lat' dir='ltr'>leges</span> <span class='ocrx_word' id='word_1_263' title='bbox 1000 2406 1129 2431; x_wconf 85' lang='lat' dir='ltr'>servare</span> <span class='ocrx_word' id='word_1_264' title='bbox 1145 2399 1308 2439; x_wconf 61' lang='lat' dir='ltr'>profanas</span> 
     </span>
    </p>
   </div>
  </div>
 </body>
</html>
