1651 2588
755 109 1011 145 —180-

315 207 456 249 Praesul,
486 208 593 248 abbas,
619 206 787 238 laudabilis

362 254 504 293 Utraque
526 254 715 294 praelatura,

314 301 339 333 O
361 303 453 340 pater
475 301 671 333 Moderanne

312 348 363 379 Ae
386 356 509 386 semper
532 346 719 385 venerande,

362 393 411 426 Sit
435 393 493 426 tibi
517 394 619 434 gregis
643 402 726 424 cura.

376 515 438 546 Ad
461 514 726 547 Matutinum.

445 583 657 610 Invitatorium.

314 645 487 677 Jubilemus
511 645 645 676 Domino

359 693 421 724 Pro
444 692 639 724 Moderanno
663 692 818 731 praesule,

312 738 406 770 Plebs
432 739 519 778 eujus
544 747 614 770 cum
637 739 751 779 gaudio

359 784 484 817 Laudes
509 786 611 817 solvat
634 785 769 817 assidue.

368 907 416 938 In
443 907 474 939 1.
500 907 558 939 No
569 909 730 940 cturno.

457 980 650 1016 Antiphonae.

280 1070 287 1077 .
313 1047 445 1079 Praesul
469 1047 554 1078 sedit
575 1047 608 1077 in
633 1047 710 1078 solio

311 1094 357 1126 Et
378 1094 495 1125 mansit
516 1094 548 1124 in
575 1093 703 1124 consilio

358 1139 452 1179 Legis
475 1140 535 1171 Dei
560 1140 714 1172 altissimi.

279 1223 287 1231 .
313 1198 430 1229 Rector
454 1196 548 1229 Udae
571 1196 719 1227 statuitur

310 1243 355 1274 Et
379 1243 579 1281 praedicator
602 1242 737 1273 mittitur

359 1289 413 1321 Ad
437 1289 563 1321 Berceti
587 1288 728 1321 confinia..

278 1373 285 1379 .
312 1346 378 1385 Quo
395 1354 478 1376 nune
501 1346 570 1376 loco
592 1345 806 1377 Moderannus

359 1392 485 1423 Dormit
508 1392 555 1423 sic
579 1392 725 1424 suaviter.

452 1476 658 1511 Responsoria.

280 1557 289 1565 .
316 1532 449 1564 Sanctus
473 1533 600 1573 praesul
623 1532 838 1564 Moderannus

359 1581 389 1611 A
412 1579 595 1611 Theobaldo
620 1580 734 1611 comite

310 1626 421 1659 Carnis
446 1627 596 1666 originem
622 1626 712 1657 duxit

358 1672 538 1704 Redonensi
562 1673 754 1712 propagine;

277 1745 283 1750 .
313 1719 406 1758 Huic,
433 1723 598 1759 antequam
622 1719 762 1751 nascitur

313 1766 358 1797 Et
381 1768 472 1804 pater
496 1765 717 1805 proficiscitur,

360 1812 549 1845 Providetur
574 1814 614 1845 de
637 1813 770 1844 nomine.

282 1894 289 1901 .
314 1869 377 1900 Res
402 1868 547 1901 miranda
572 1872 604 1900 et
627 1868 783 1908 stupenda

360 1915 468 1947 Fibris
493 1916 696 1957 audientium,

312 1963 396 1994 Puer
420 1962 534 1994 clamat
557 1966 651 2002 atque
673 1965 760 1994 vetat

360 2009 450 2042 Patri
474 2010 683 2050 adulterium3

922 206 959 238 V.
989 206 1210 244 cognoverunt
1232 201 1402 234 Dominum

1035 252 1074 283 In
1099 250 1253 282 fractione
1277 247 1377 288 panis,

990 299 1054 331 Hic
1078 301 1201 337 patrem
1225 295 1420 336 proselytum

1035 345 1114 377 Post
1136 343 1332 375 intellectum
1356 341 1478 374 matris

1049 440 1094 471 In
1120 439 1151 470 2.
1178 436 1408 468 NocturnO.

1132 500 1326 536 Antiphonae.

955 586 962 594 .
987 560 1218 592 Moderannum
1242 557 1474 589 sanctissimum

987 606 1154 638 Libantem
1182 603 1371 636 sacrificium

1035 653 1190 685 Dominus
1216 651 1388 684 exaudivit.

955 737 963 744 .
987 710 1093 752 Mane,
1122 708 1174 741 die
1197 716 1236 740 ac
1261 716 1394 747 vespere

987 757 1099 799 Corde,
1126 764 1204 788 voce
1230 758 1261 786 et
1282 763 1377 794 opere

1035 804 1114 836 Orat
1137 803 1178 834 ad
1201 802 1304 834 Deum
1329 811 1427 833 suum.

954 883 961 890 .
985 860 1037 892 Ex
1061 868 1116 891 ore
1139 859 1231 898 hujus
1255 858 1382 897 parvuli

986 907 1031 939 Et
1052 907 1154 946 primo
1175 907 1241 937 ictu
1265 905 1349 936 oculi

1035 955 1164 995 Ignotus
1187 955 1280 992 pater
1307 951 1415 986 scitur.

1124 1026 1330 1061 Responsoria.

956 1111 963 1118 .
991 1083 1176 1115 Gratulatur
1201 1085 1232 1113 et
1255 1083 1393 1114 laetatur

1037 1130 1154 1162 Civitas
1175 1129 1418 1169 Redonensium,

987 1177 1165 1208 Veneratur
1190 1179 1222 1207 et
1244 1176 1378 1208 miratur

1035 1225 1156 1256 Horum
1189 1223 1306 1255 trinum
1330 1224 1537 1265 consortium3

948 1296 956 1303 .
987 1272 1070 1303 Puer
1094 1270 1133 1301 ab
1158 1270 1207 1301 his
1233 1269 1384 1301 educatur

988 1318 1094 1356 Atque
1115 1317 1210 1355 plene
1233 1315 1422 1348 informatur

1036 1364 1089 1395 Ad
1111 1363 1172 1394 Dei
1197 1363 1391 1402 obsequium.

955 1445 963 1454 .
988 1420 1120 1452 Praesul
1144 1418 1266 1450 futurus
1290 1419 1419 1451 Domini

1035 1466 1152 1498 Forma
1179 1466 1294 1497 crescit
1316 1469 1348 1497 et
1370 1467 1510 1499 moribus

989 1514 1034 1545 Et
1057 1513 1175 1546 Christi
1199 1513 1298 1545 servit
1321 1514 1440 1545 nomini

1037 1559 1107 1591 Suis
1131 1559 1310 1599 praefectus
1336 1560 1474 1593 civibus·

950 1632 957 1639 .
990 1607 1176 1639 Sanctorum
1200 1607 1349 1646 reliquias

989 1653 1033 1685 Et
1056 1655 1180 1685 sanetas
1213 1652 1370 1696 [exuvias]

1038 1700 1126 1731 Totis
1153 1700 1229 1731 colit
1252 1699 1423 1733 affectibus.

956 1782 963 1789 .
990 1756 1098 1788 Novus
1118 1756 1244 1787 Berceti
1266 1756 1371 1789 incola

1036 1803 1159 1835 Novum
1183 1803 1335 1842 produxit
1359 1806 1504 1848 rivulum,

990 1850 1073 1881 Dum
1097 1850 1156 1881 tibi
1181 1849 1245 1881 fert
1271 1851 1392 1883 deicola

1039 1898 1113 1936 Ipse
1136 1900 1244 1929 sancte
1268 1898 1457 1939 colliculum,

952 1970 959 1978 .
988 1944 1113 1983 Hospes
1136 1953 1266 1976 manens
1291 1945 1330 1976 ad
1355 1946 1461 1977 ilicem

990 1991 1120 2023 Trinum
1144 2000 1260 2024 vocans
1286 1990 1432 2031 opificem

243 2057 282 2089 V·
311 2056 374 2088 Hic
395 2065 524 2089 manens
547 2057 582 2089 in
604 2056 770 2090 Britannia
1037 2038 1176 2070 Futurus
1200 2042 1294 2079 parat
1317 2041 1476 2079 poculum.

314 2104 409 2135 Suum
433 2103 467 2135 in
489 2105 511 2138 J
513 2104 688 2143 erosolyma

359 2151 487 2183 Patrem
510 2151 610 2183 cernit
623 2160 682 2190 per
698 2150 859 2183 somnium.
1063 2132 1109 2164 In
1135 2135 1165 2166 3·
1193 2133 1224 2165 N
1235 2142 1253 2165 ⁰
1263 2136 1332 2165 “tu
1341 2143 1387 2166 ΓΠ
1397 2144 1425 2168 ⁰·

257 2208 288 2241 3.
315 2207 457 2240 Christus
481 2216 611 2247 surgens
636 2217 655 2238 a
677 2207 807 2240 mortuis
1126 2198 1320 2233 Antiphonae.

361 2254 469 2293 Pergit
491 2257 527 2286 ut
548 2254 742 2296 peregrinus,
933 2254 962 2287 1.
987 2254 1037 2286 De
1061 2255 1139 2287 solio
1163 2256 1345 2288 Redonensi

314 2300 445 2332 Moestis
469 2302 534 2333 suis
560 2301 723 2341 discipuiis
989 2302 1043 2333 Ad
1067 2305 1204 2334 montem
1228 2303 1356 2335 Beroeti

362 2347 471 2388 Jungit
494 2357 528 2380 se
550 2352 583 2380 et
605 2348 642 2381 fit
663 2347 799 2391 nuntius7
1037 2348 1100 2380 Hie
1126 2359 1236 2390 passer
1259 2353 1474 2393 transmigrat.
