1650 2587
225 174 278 205 Ad
300 174 454 213 judicium
479 176 620 213 vocatur,

223 220 326 252 Deum
349 229 455 252 verum
481 222 684 261 protestatur,

153 267 191 299 V.
272 267 351 299 Toto
375 267 489 299 mentis
513 268 642 307 impetu.

221 313 307 345 Deos
334 314 516 355 detestatur,

272 361 329 393 Uti
352 369 463 400 gressu
487 360 618 399 spiritus

222 406 340 444 Quibus
367 407 548 447 denegatur.

167 473 198 505 3.
226 471 325 504 Caesa
350 472 419 504 diro
446 471 578 503 verbere

271 518 379 550 Effuso
403 518 510 551 madet
534 517 694 559 sanguine,

223 565 337 597 Clausa
360 567 462 597 taetro
488 572 614 605 carcere

270 612 429 651 Resperso
453 612 570 651 gaudet
593 611 719 652 lumine,

218 657 399 690 Praesentis
423 659 457 689 in
482 657 624 689 examine

221 704 339 736 Christi
362 706 528 744 praestans
553 704 723 744 solamine3

151 752 189 783 V.
266 751 303 783 In
327 750 485 784 Christum
510 749 640 783 confidit

222 797 358 838 Erigens
383 797 542 840 fiduciam,

268 845 390 876 Taliter
413 845 504 876 elidit

221 891 375 923 Hostilem
402 892 580 925 versutiam.

279 995 323 1026 In
347 995 378 1027 3.
405 995 465 1027 No
476 997 636 1026 eturno.

363 1068 556 1105 Antiphonae.

169 1137 199 1168 1.
228 1134 370 1167 Christus
395 1134 494 1167 fomes
518 1135 656 1178 pietatis,

269 1180 358 1215 Coeli
382 1182 508 1214 scandit
531 1183 659 1221 palatia,

222 1227 375 1268 Sponsam
399 1228 508 1260 fovent
532 1229 657 1261 deitatis

269 1275 442 1316 Degustata
463 1276 586 1309 solatia.

169 1342 199 1375 2.
226 1340 275 1372 De
298 1341 430 1373 obscuro
454 1341 563 1381 prodit
584 1341 671 1372 clara.

267 1389 364 1421 Jussu
386 1388 514 1427 tyranni
536 1387 681 1419 Barbara

224 1435 356 1467 Praeses
381 1435 443 1467 ait:
469 1434 538 1466 Diis
564 1443 596 1466 es
623 1443 704 1472 cara,

269 1482 328 1521 Qui
352 1484 402 1513 tua
430 1485 543 1514 sanant
567 1482 707 1516 vulnera.

162 1549 193 1580 3.
219 1546 325 1578 Fortis
350 1547 515 1586 respondit
539 1546 672 1579 femina:

267 1593 321 1625 Dii
345 1595 483 1633 gentium
510 1594 683 1633 daemonia,

223 1640 320 1672 Nulla
346 1640 423 1671 dant
445 1640 663 1680 medicamina,

270 1686 333 1718 Sed
358 1686 444 1718 Deus
469 1695 578 1718 creans
602 1687 715 1719 omnia,

358 1770 564 1806 Responsoria.

168 1830 197 1861 1.
226 1828 366 1869 Praeses,
399 1836 490 1867 quem
519 1827 607 1860 furor
632 1828 770 1868 indurat,

222 1874 327 1915 Jubet,
352 1877 389 1905 ut
412 1875 528 1907 ardens
553 1878 665 1906 exurat

268 1922 404 1961 Lampas
429 1930 563 1961 sponsae
586 1922 697 1962 latera,

220 1968 379 2002 ‘Mai-tellis
407 1968 520 2000 dehinc
543 1967 657 2000 feritur

222 2015 324 2054 Caput
348 2017 380 2046 et
403 2016 450 2047 sic
474 2016 636 2055 experitur

267 2064 409 2095 Ardores
434 2065 466 2094 et
490 2063 633 2101 verbera,

152 2110 186 2143 V.
218 2110 337 2149 Regem
360 2109 510 2142 invocans
531 2110 683 2142 invictum

221 2157 380 2189 Flammas
405 2156 539 2189 sustinet
563 2159 594 2188 et
617 2156 724 2189 ictum.

164 2226 195 2257 2.
223 2222 336 2255 Caedis
360 2223 485 2262 spirans
510 2225 542 2253 et
562 2222 716 2254 minarum

219 2270 335 2302 Adhuc
358 2278 497 2311 praeses,
523 2279 578 2302 vas
602 2269 731 2309 irarum,

269 2318 428 2349 Accensus
453 2317 493 2349 ad
519 2318 649 2358 scelera,

901 175 939 206 In
966 174 1078 206 decore
1102 174 1238 214 puellari

901 220 1002 253 Ferus
1023 221 1115 261 jubet
1138 220 1295 260 amputari

948 267 1009 299 Per
1033 270 1168 300 tortores
1193 267 1300 306 ubera,

901 313 965 346 Sed
988 315 1077 355 virgo
1102 315 1216 348 devota

899 359 983 391 Fide
1007 363 1070 393 stat
1092 362 1237 399 immota3

864 432 871 439 .
902 407 1044 439 Christus
1067 407 1101 439 in
1124 410 1229 440 mente
1253 405 1385 445 virginis

900 452 960 485 Est
983 455 1080 486 turris
1104 453 1309 486 fortitudinis.

866 551 872 558 .
899 529 995 561 Jussu
1019 529 1107 567 virgo
1131 529 1288 568 praesidis

945 574 1042 605 Veste
1067 575 1213 613 spoliata,

899 621 1050 660 Flagellis
1074 629 1094 652 a
1117 620 1248 660 perfidis

945 667 1032 698 Viris
1056 667 1186 708 agitata,

901 713 1059 746 Christum
1081 717 1204 753 patrem
1230 714 1357 746 luminis

942 760 1001 792 Pie
1025 761 1205 800 deprecata,

900 807 1037 840 Candidi
1061 807 1226 840 velaminis

946 853 1036 886 Stola
1060 857 1108 886 est
1131 855 1253 897 velata3

858 926 865 933 .
901 901 1036 933 Victima
1062 901 1205 933 coelestis

944 948 1087 980 manibus
1111 950 1250 980 mactata
1272 948 1427 988 scelestis,

898 995 1011 1027 Servet
1033 996 1065 1029 in
1090 995 1139 1026 his
1165 995 1254 1027 festis

942 1042 1043 1073 laetos
1068 1050 1088 1073 a
1110 1042 1238 1074 turbine
1261 1041 1370 1081 pestis

991 1173 1008 1204 I
1017 1182 1038 1204 11
1062 1171 1089 1205 L
1100 1181 1148 1203 au
1158 1172 1199 1204 di
1208 1172 1227 1203 b
1237 1182 1258 1203 u
1267 1182 1291 1205 S.

1037 1246 1234 1282 Antiphonae.

865 1340 872 1347 .
898 1314 1031 1345 Praeses
1055 1313 1175 1354 poenis,
1201 1311 1370 1346 fraudibus

944 1359 1118 1392 Barbaram
1142 1361 1315 1401 impugnat,

898 1407 995 1446 Virgo
1019 1406 1083 1439 fide
1105 1407 1254 1439 laudibus

946 1453 1095 1485 Potenter
1120 1457 1288 1494 expugnat.

865 1553 872 1560 .
897 1530 995 1561 Pater
1020 1527 1127 1560 furens
1152 1528 1276 1568 perfide

944 1574 1060 1608 Natam
1086 1576 1299 1608 venerandam

899 1622 1024 1661 Recipit
1048 1632 1067 1654 a
1091 1622 1239 1662 praeside

946 1668 995 1701 De
1018 1678 1053 1701 se
1073 1669 1289 1709 jugulandam.

864 1769 873 1777 .
898 1744 951 1776 Ad
975 1745 1110 1776 salutem
1132 1746 1272 1785 gentium

947 1791 1025 1823 Orat
1048 1791 1137 1832 virgo
1162 1793 1274 1834 Deum,

898 1839 956 1870 Pie
980 1840 1186 1871 recolentium

943 1885 1100 1927 Martyris
1126 1887 1323 1927 trophaeum.

867 1985 874 1993 .
900 1961 1042 2001 Virginis
1068 1963 1169 1996 oratio

949 2007 1074 2041 Christo
1101 2009 1305 2043 confirmatur

898 2055 943 2086 Et
966 2056 1033 2094 ejus
1058 2055 1206 2097 suffragio

942 2102 1064 2135 Mundo
1089 2104 1174 2136 salus
1201 2104 1305 2137 datur.

868 2204 874 2210 .
900 2178 930 2209 A
954 2180 1047 2218 patre
1072 2180 1229 2212 occiditur

945 2223 1030 2257 Filia
1053 2226 1185 2266 crudeli,

899 2271 943 2303 Et
967 2274 1058 2310 pater
1083 2273 1276 2305 eonsumitur

947 2318 1046 2350 Totus
1071 2321 1144 2359 igne
1169 2321 1256 2353 caeli.
