1650 2587
210 1485 324 1519 besitz).
349 1484 385 1511 K.

739 138 997 174 4-115—

231 235 263 268 2.
289 234 393 267 Erant
418 235 479 267 duo
504 234 639 274 pueruli,

286 281 361 314 Acti
386 280 496 314 furore
522 282 693 323 daemonis,

288 328 348 369 Qui
372 329 413 360 ad
439 331 582 361 sanctum
608 331 820 361 convenerant

287 375 456 414 Sospitatis
482 375 521 407 ob
546 376 690 417 gratiam.

253 459 261 466 ,
287 431 417 472 Quibus,
442 433 478 464 ut
503 435 572 464 erat
595 432 705 464 hilaris

286 479 389 511 Dator
414 480 571 519 extemplo
596 480 728 520 proprii,

290 526 376 565 Quae
400 528 474 566 post
500 535 585 559 esum
610 530 837 567 remanserant,

289 574 418 606 Partem
445 573 534 606 dedit
559 573 667 606 edulii.

256 645 263 653 .
287 621 354 660 Quo
380 620 419 652 ab
445 621 523 661 ipsis
548 620 690 652 antidoto

286 666 365 699 Mox
390 668 520 707 exploso
544 668 708 700 daemonio

288 714 376 747 Coeli
402 714 566 747 laudantes
590 715 759 747 Dominum

285 761 337 794 Ad
363 762 496 801 propria
519 762 657 803 regressi
681 767 763 795 sunt.

252 843 260 851 .
285 817 443 858 Dignetur
468 826 542 858 ergo
566 818 713 851 laudibus

287 865 487 898 Universalis
514 866 668 904 dominus,

286 912 346 952 Qui
370 913 416 944 sie
439 921 497 944 sua
521 913 688 945 elementia

284 959 416 991 Sanetos
441 968 513 991 suos
538 958 694 991 mirificat.

399 1023 445 1050 Ad
459 1023 645 1051 Benedictus.

213 1071 254 1104 A.
281 1072 306 1104 O
332 1071 433 1102 virum
458 1071 660 1111 ineffabilem,

285 1120 350 1151 Per
378 1119 483 1150 omnia
506 1119 711 1161 laudabilem,

968 237 1031 269 Per
1055 246 1147 276 quam
1172 239 1260 269 tanta
1283 236 1421 276 insignia

966 284 1193 315 Miraculorum
1217 284 1365 322 rutilant3

969 331 1001 363 Is
1026 333 1061 362 ut
1083 340 1140 362 nos
1166 331 1245 363 coeli
1271 331 1390 363 civibus

968 378 1039 410 Suis
1065 378 1217 419 adiungat
1237 378 1395 417 precibus,

968 424 1063 457 Proui
1087 433 1241 464 rogamus,
1267 424 1424 465 supplicet

966 471 1093 512 Regem,
1121 473 1174 511 qui
1199 474 1311 504 cuneta
1335 472 1487 512 possidet.

1028 669 1072 701 In
1099 670 1129 703 2.
1159 670 1373 709 Vesperis.

1088 762 1133 789 Ad
1152 761 1328 798 Magnificat.

927 865 934 871 .
962 839 1019 871 Vir
1042 838 1101 871 Dei
1119 838 1289 878 Leobinus,

965 886 1028 917 Tot
1048 885 1183 924 insignis
1207 885 1387 926 virtutibus,

966 932 1132 963 Talentum
1156 932 1218 964 sibi
1244 932 1397 963 creditum

967 978 1110 1010 Gliscens
1135 978 1271 1010 reddere
1294 978 1497 1018 duplicatum,

964 1025 1002 1057 In
1026 1025 1174 1065 gaudium
1197 1025 1326 1057 Domini
1349 1025 1397 1056 sui

963 1071 1009 1104 Ut
1030 1071 1134 1103 fidelis
1157 1081 1266 1104 servus
1292 1072 1407 1104 meruit

964 1119 1090 1151 Intrare
1114 1127 1252 1151 securus.

290 1183 378 1210 Brev.
402 1192 456 1211 ms.
482 1182 660 1211 Carnotense
685 1192 761 1211 saec.
791 1182 834 1211 14.
859 1183 931 1213 eod.
956 1183 1110 1211 Camoten.
1139 1181 1204 1211 583.
1231 1183 1265 1211 A.
1291 1198 1330 1203 --
1350 1183 1433 1210 BreV.
1458 1191 1512 1210 ms.

219 1221 399 1249 Oarnotense
425 1229 501 1249 saec.
530 1219 573 1248 14.
599 1221 668 1249 Cod.
690 1222 845 1250 carnoten.
872 1218 936 1249 513.
956 1221 989 1248 B.
1016 1235 1053 1239 ——
1072 1220 1158 1248 Brev.
1183 1229 1236 1248 ms.
1257 1221 1286 1249 S.
1306 1222 1387 1249 Petri
1408 1221 1514 1249 Carno-

222 1260 279 1286 ten.
301 1266 376 1286 saec.
398 1256 442 1285 14.
466 1258 535 1286 Cod.
556 1259 709 1287 Carnoten.
730 1257 794 1287 564.
816 1259 846 1287 O.
868 1274 908 1280 -
927 1259 1012 1286 BreV.
1031 1266 1083 1286 ms.
1100 1258 1129 1286 S.
1144 1259 1270 1287 Cerauni
1290 1267 1364 1286 satc-
1386 1256 1429 1286 15.
1445 1258 1514 1286 Cod-

215 1296 371 1324 Carnoten.
392 1295 456 1324 564.
478 1297 512 1324 D.
541 1311 577 1315 —
597 1298 682 1325 Brev.
710 1306 763 1325 ms.
783 1296 812 1324 S.
832 1298 945 1325 Mariae
972 1296 1008 1323 de
1027 1296 1173 1332 Josaphat
1192 1304 1267 1324 saec.
1289 1295 1332 1324 15.
1355 1295 1422 1323 Cod.
1445 1296 1513 1324 Car-

211 1336 309 1361 noten.
331 1332 396 1361 560.
415 1334 452 1361 E.
475 1348 511 1352 —
530 1335 615 1362 Brev.
635 1343 688 1362 ms.
709 1335 888 1363 Carnotense
908 1342 984 1362 naec.
1005 1332 1049 1361 15.
1070 1333 1139 1361 Cod.
1161 1336 1316 1362 Gai-noten.
1336 1331 1400 1361 563.
1421 1335 1452 1361 Ε.

213 1372 297 1399 Brev.
325 1380 376 1398 ms.
400 1371 578 1400 Oarnotense
604 1380 679 1400 saec.
710 1371 753 1400 15.
775 1372 844 1400 Cod.
862 1373 989 1400 Parisin.
1013 1369 1094 1400 1053.
1117 1371 1146 1399 C.
1167 1387 1204 1392 —
1223 1372 1308 1399 Brev.
1329 1380 1381 1399 ms.
1404 1371 1514 1399 Carno-

211 1410 294 1436 tense
313 1417 388 1437 saec.
411 1408 454 1437 15.
478 1408 546 1437 God.
560 1411 682 1437 Parisin.
705 1408 787 1438 1256.
807 1410 846 1437 Η.
867 1425 904 1429 -
918 1410 1002 1437 Brev.
1022 1417 1075 1437 ms.
1091 1409 1268 1437 carnotense
1287 1418 1361 1437 saec.
1385 1407 1427 1436 15.
1444 1409 1512 1437 God.

210 1447 337 1474 Parisin.
362 1445 396 1475 13
408 1445 472 1475 240,
497 1447 521 1474 1.
551 1464 586 1467 —
605 1447 691 1475 Brev.
716 1457 769 1476 ms.
789 1447 1120 1475 Romano-Francisoan.
1148 1448 1218 1474 anni
1248 1445 1320 1474 1412
1339 1447 1381 1481 (in
1400 1447 1513 1474 Privat-

420 1499 457 1504 —-
488 1485 524 1512 In
554 1483 581 1512 2.
609 1484 692 1512 Noet.
721 1483 757 1520 Α,
789 1483 806 1512 3
841 1485 999 1520 Oonsopite
1024 1485 1087 1513 GK.
1124 1485 1196 1512 Cum
1223 1485 1320 1520 sopire
1348 1484 1388 1511 H.
1415 1499 1450 1502 —
1478 1485 1514 1512 In

211 1520 237 1550 3.
258 1523 343 1550 Noct.
365 1520 386 1548 R
411 1520 443 1557 3,
472 1520 489 1549 6
515 1523 619 1558 plenus
639 1523 704 1551 GH.
724 1540 761 1544 —
786 1523 838 1550 Ich
857 1524 988 1551 vei-mute
1007 1523 1050 1550 als
1070 1523 1222 1551 Verfasser
1243 1522 1337 1550 dieses
1365 1521 1511 1550 Officiums

213 1560 336 1588 Fulbert
354 1569 413 1587 von
438 1560 581 1589 chartres.

618 1642 666 1673 43.
704 1643 749 1675 De
769 1644 876 1675 saneto
896 1641 1097 1683 Leodegario.

343 1714 390 1746 In
415 1714 446 1747 1.
472 1711 690 1752 vesperis.

393 1779 440 1806 Ad
457 1778 637 1815 Magnificat.

207 1838 246 1870 A.
271 1837 428 1877 Martyris
453 1836 616 1877 adscripto

328 1884 522 1916 celebremus
547 1886 690 1925 tempore
707 1884 831 1925 festum,

282 1933 349 1971 Quo
376 1931 590 1971 Leodcgarius

330 1979 492 2011 victricem
521 1979 672 2019 sanguine
696 1980 833 2019 palmam

281 2027 462 2060 Promeruit
486 2027 606 2058 eunctis

330 2074 521 2114 glomeratus
534 2073 566 2105 in
580 2073 694 2105 ordine
703 2073 832 2106 sanctis.

346 2159 409 2191 Ad
432 2158 693 2192 matutinum.

412 2213 630 2242 Invitatorium.

285 2264 464 2297 Concentus
489 2262 636 2302 Domino,

331 2310 454 2351 famuli,
482 2310 641 2342 celebrate
665 2318 806 2350 sonorOS,

281 2361 348 2400 Quo
373 2358 589 2399 Leodegarius

328 2407 445 2451 gaudet
467 2406 605 2440 sociatus
627 2405 661 2438 in
685 2414 806 2439 aevum.

1023 1713 1068 1745 In
1095 1712 1124 1745 1.
1152 1712 1209 1744 No
1221 1714 1380 1744 eturno.

1103 1772 1298 1809 Antiphonae.

904 1827 935 1861 1.
962 1826 1165 1860 Praeclarum
1190 1825 1277 1857 sidus
1303 1825 1409 1857 seculo

960 1873 1175 1913 Leodcgarius
1199 1872 1334 1905 Dommo

962 1921 1054 1954 Celso
1077 1920 1274 1953 Francorum
1299 1928 1414 1960 genere

963 1968 1070 2009 Surgit,
1094 1968 1134 1999 ab
1159 1969 1228 2008 ipso
1253 1968 1383 2006 lumine,

961 2016 1071 2048 Prima
1095 2015 1180 2046 vitae
1206 2014 1374 2046 ducamina

962 2062 1091 2103 Regalis
1115 2062 1175 2094 alit
1197 2062 1296 2096 curia,

930 2146 936 2152 .
961 2119 1064 2159 Hujus
1088 2118 1212 2151 indoles
1236 2118 1357 2160 inclita,

963 2166 1107 2206 Superno
1128 2165 1244 2205 jubare
1266 2164 1356 2208 fulta,

959 2214 1044 2246 Dum
1067 2213 1172 2244 tendit,
1195 2213 1236 2246 ad
1261 2212 1419 2253 sublimia,

961 2261 1057 2301 Regis
1077 2260 1168 2299 jussu
1192 2259 1335 2301 pontifici

959 2307 1090 2349 Didoni,
1115 2308 1253 2350 inquam,
1279 2308 1435 2341 avunculo

960 2356 1096 2396 Apicum
1122 2356 1357 2388 characteribus

959 2403 1153 2436 Imbuendus
1178 2403 1348 2437 addicitur.

1300 2457 1340 2488 8*
