1650 2587
673 83 883 117 ,8,-

233 176 564 213 claudicantes
587 178 746 213 (licuntur
768 178 821 212 illi
846 186 975 220 versus,
1000 178 1058 221 qui
1085 177 1281 213 alternatim
1302 177 1431 212 habent

140 233 291 277 dactylos
315 236 386 269 tres
411 236 446 268 et
469 235 660 279 spondaeos
684 236 763 278 tres,
789 234 840 267 ita
863 234 954 277 quod
980 234 1144 277 spondaei
1170 243 1287 269 omnes
1304 234 1432 268 habent

138 289 267 325 similes
292 292 530 326 consonantias
556 292 592 324 et
614 293 756 325 currunt
778 289 881 324 modo
905 289 1137 334 claudicantis,
1165 291 1229 324 sic:

360 366 500 398 Dextera
524 367 650 406 Christi,
675 376 732 398 nos
758 366 891 405 rapuisti
917 366 957 397 de
979 374 1057 398 nece
1080 366 1175 405 tristi,

360 414 523 445 Plasmata
543 414 645 454 patris
671 414 754 445 tollis
780 412 820 443 ab
845 413 923 443 atris
945 413 1032 444 laeta
1052 412 1223 445 barathris.

232 487 318 522 Gon
324 487 473 532 jugati
499 497 617 522 versus
642 487 809 529 dicuntur,
841 488 976 530 quando
1003 487 1179 530 quaelibet
1203 486 1304 520 dictio
1329 486 1430 530 primi

137 552 254 578 versus
278 544 383 578 habet
405 544 468 578 sibi
496 543 757 579 concordantem
784 542 966 578 dictionem
992 542 1026 576 in
1052 542 1209 586 sequenti
1227 551 1336 583 versu,
1364 543 1430 577 sic:

360 619 443 656 Quos
467 618 578 660 anguis
603 618 692 649 dirus
715 617 802 649 tristi
825 618 1003 649 mulcedine
1026 618 1151 654 stravit,

359 665 426 696 Hos
451 665 579 705 sanguis
606 666 703 696 mirus
729 664 846 697 Christi
873 664 1041 697 dulcedine
1064 665 1151 697 lavit.

363 712 429 743 Ros
454 713 576 752 genitus
600 712 701 751 patris
726 712 818 743 Jesus
842 713 1005 744 moriendo
1030 712 1174 752 redemit,

359 760 440 798 Quos·
466 760 590 798 penitus
615 759 725 790 matris
751 767 820 790 esus
845 758 1020 791 mordendo
1045 759 1188 798 peremit.

227 833 288 875 Qu
297 843 318 867 a
326 833 372 867 dr
382 833 392 867 i
402 842 423 876 g
433 833 496 867 ati
512 834 672 867 dicuntur
688 842 809 869 versus
819 833 990 868 habentes
1002 832 1170 868 dictiones
1183 833 1431 868 concordantes

133 890 168 924 in
194 892 341 934 quatuor
363 890 509 933 pedibus
534 889 577 924 ad
603 890 741 924 modum
767 889 962 933 quadrigae,
990 889 1056 923 sic:

357 965 534 997 Herbarum
560 966 653 1005 vires,
680 966 706 996 si
733 968 844 997 cuncta
869 966 1063 1004 sophismata
1086 966 1195 1004 scires,

357 1012 402 1043 Et
425 1016 456 1043 te
480 1013 628 1050 nescires,
654 1013 756 1053 homo,
784 1014 867 1043 esset
890 1021 972 1044 vana
994 1012 1051 1043 tibi
1076 1021 1135 1043 res.

360 1086 421 1118 Cur
437 1088 550 1126 imples
568 1086 682 1119 arcas?
701 1094 803 1126 neque
818 1095 877 1126 per
892 1095 1033 1118 nummos
1051 1096 1152 1126 neque
1167 1095 1290 1118 marcas

355 1133 500 1165 Plaeabis
525 1134 659 1173 Parcas;
685 1134 759 1165 hinc
781 1142 800 1164 a
825 1134 909 1165 vitiis
933 1134 992 1165 tibi
1018 1142 1141 1172 parcas.

359 1209 514 1240 Virtutum
541 1207 626 1240 fama
649 1209 771 1240 redolet
796 1209 892 1239 veluti
917 1209 1099 1251 thymiama,

404 1256 504 1292 Hanc,
529 1259 562 1287 ut
589 1256 781 1296 epigramma
804 1256 925 1295 grande
949 1256 1092 1295 lucreris,
1119 1265 1198 1290 ama,

358 1329 508 1362 Nascitur
533 1339 570 1362 ex
594 1332 686 1369 patre
709 1339 766 1362 rex
789 1330 822 1360 in
845 1331 938 1362 coelis
963 1331 1031 1361 sine
1054 1334 1163 1374 matre,

356 1376 458 1408 Natus
483 1380 512 1408 et
539 1386 577 1409 ex
601 1380 702 1408 matre
724 1379 831 1409 manet
853 1377 885 1408 in
910 1378 1003 1409 terris
1028 1377 1097 1408 sine
1119 1381 1221 1417 patre.

226 1451 410 1486 Leonini
438 1451 597 1485 dicuntur
621 1460 747 1494 versus,
775 1451 911 1494 quando
933 1450 1056 1485 tertius
1072 1461 1132 1495 pes
1150 1451 1334 1486 concordat
1351 1461 1429 1487 cum

133 1507 253 1542 ultimo
279 1507 432 1551 ejusdem
457 1516 587 1548 versus,
611 1506 677 1541 hoc
698 1507 818 1542 modo:

355 1583 416 1614 Est
439 1584 559 1614 servire
583 1582 650 1613 Deo
675 1590 808 1622 regnare
832 1580 956 1621 fruique
980 1582 1141 1620 trophaeo,

357 1629 451 1669 Ergo,
478 1629 673 1668 triumphare
696 1630 724 1660 si
747 1629 806 1669 viS,
837 1628 970 1660 Domino
995 1627 1159 1662 famulare.

357 1704 397 1736 Ut
424 1705 539 1736 lamiae
561 1704 682 1736 lactant
705 1704 834 1745 catulOS,
859 1713 938 1743 quos
959 1707 1071 1744 postea
1096 1707 1245 1744 mactant,

358 1750 411 1782 Sic
434 1752 575 1783 homines
599 1751 732 1783 mundus
758 1752 880 1782 lactans
904 1752 1004 1783 laniat
1028 1750 1230 1785 furibunduS.

358 1825 503 1857 lnficiens
527 1825 625 1858 febris
651 1828 699 1857 cst
722 1827 890 1866 adspectus
914 1826 1086 1866 muliebris,

357 1873 500 1904 Attrahit
523 1878 557 1905 ut
581 1872 685 1914 fiscus,
711 1872 861 1905 interficit
883 1876 920 1905 ut
942 1873 1116 1905 basiliscus.

227 1947 527 1983 Concatenati
565 1947 740 1992 dicuntur,
775 1948 912 1991 quando
945 1948 1067 1983 tertius
1096 1958 1157 1993 pes
1186 1949 1287 1993 primi
1313 1959 1431 1985 versus

136 2005 321 2040 concordat
346 2013 420 2038 cum
447 2003 549 2038 tertio
575 2003 663 2047 pede
687 2004 863 2047 sequentis
885 2013 1004 2039 versus
1031 2007 1067 2038 et
1090 2005 1232 2041 ultimus
1253 2015 1313 2049 pes
1329 2006 1429 2050 primi

132 2071 252 2096 versus
279 2070 354 2095 cum
380 2060 501 2095 ultimo
526 2059 615 2104 pede
638 2059 824 2104 sequentis,
848 2061 890 2094 ut
912 2061 977 2095 sic:

355 2137 496 2169 Noscere
521 2135 663 2169 defectus
689 2136 875 2168 delictorum
899 2137 1101 2177 propriorum

359 2184 434 2215 Plus
459 2184 553 2216 habet
580 2183 717 2226 effectus,
743 2192 834 2224 quam
859 2184 967 2216 sidera
991 2193 1084 2216 nosse
1107 2186 1261 2225 polorum.

356 2259 418 2290 Per
441 2259 516 2291 Fiat
538 2259 662 2299 pridem
686 2259 773 2291 Deus
799 2259 903 2291 omnia
927 2260 1083 2298 plasmata
1107 2258 1193 2299 fecit,

355 2307 451 2346 Virgo
478 2307 591 2338 decens
616 2315 674 2346 per
696 2307 782 2339 idem
807 2306 937 2339 verbum
962 2305 1122 2339 labefacta
1146 2307 1268 2347 refecit,
