1651 2588
721 82 949 117 —62-

205 180 235 211 2.
261 179 354 211 Felix
378 177 532 210 turbatur(

188 461 225 491 V.

201 564 232 595 3.

306 225 374 256 sine
398 228 506 257 sancto
533 226 607 257 dum
632 224 788 263 viduatur,

257 272 401 312 Namque
425 280 521 303 senex
546 280 681 303 eremum

305 319 433 358 cupiens
449 317 531 359 fugit
543 322 574 349 et
585 319 656 349 loca
670 318 804 357 demum,

259 367 362 398 Intrat
385 367 511 397 sentosa

306 412 406 443 dumis
430 412 627 451 scopulisque
651 419 774 450 perosa,

255 459 451 491 Mundanum
476 459 602 498 cultum,

307 505 435 544 cupiens
460 506 561 538 vitare
586 504 762 535 tumultum.

257 562 359 601 Urget
381 570 505 600 pagana

302 616 377 647 gens
402 607 540 638 Felicem
563 607 732 645 malesana,

257 655 392 686 Nomine
415 662 473 693 pro
499 653 618 687 Christi

305 709 412 732 carcer
444 703 544 732 zaneto
571 701 663 732 datur
686 699 751 738 isti,

259 748 322 779 Sub
347 756 407 787 quo
434 750 598 788 congestae

304 797 484 826 straverunt
518 793 673 834 fragmina
697 794 804 828 testae

258 842 407 873 Divinum
431 850 545 872 numen

309 889 364 920 dat
388 896 456 918 cum
481 888 589 928 requie
610 887 670 918 sibi
693 887 807 919 lumen.

320 991 366 1022 In
393 992 424 1024 3.
451 990 680 1023 Nocturno.

404 1064 597 1099 Antiphonae.

227 1157 234 1164 .
261 1132 297 1163 In
322 1131 457 1163 Domino
481 1130 582 1162 fidens
605 1128 666 1161 fuit

261 1178 363 1216 Felix,
391 1177 464 1208 dum
488 1185 563 1217 gens
590 1185 682 1208 caeca
705 1177 778 1215 ruit,

261 1224 341 1256 Nam
368 1232 427 1255 non
454 1223 605 1256 videbant
628 1223 770 1254 videntes

261 1271 364 1312 Hunc,
380 1271 418 1301 ad
437 1279 526 1309 quem
538 1270 807 1309 erantloquentes.

264 1327 357 1359 Felix
380 1326 433 1357 hic
457 1327 525 1358 siue
549 1326 671 1357 macula

263 1373 398 1406 Intravit
421 1372 634 1414 tabernacula,

263 1420 328 1459 Quo
355 1420 482 1451 coelesti
503 1428 572 1451 cum
598 1419 710 1458 copula

262 1467 444 1506 Requiescit
466 1468 499 1498 in
524 1466 658 1498 saecular

262 1523 462 1555 Desiderium
487 1523 609 1554 animae

261 1569 425 1609 Tribuisfi,
451 1570 612 1611 altissime,

263 1616 373 1654 Felici,
400 1616 452 1655 qui
476 1615 612 1647 feliciter

263 1663 315 1694 Ad
341 1666 373 1693 te
395 1666 536 1693 nostrum
561 1664 651 1702 regat
673 1661 745 1692 iter.

405 1736 608 1772 Responsoria.

233 1827 240 1834 .
268 1803 418 1843 Angelico
443 1801 543 1834 fretus

312 1851 407 1882 ductu
433 1849 472 1881 de
497 1857 623 1880 carcere
646 1849 746 1880 laetus

262 1897 354 1929 Felix
380 1904 520 1936 egressus

308 1944 385 1975 illuc
408 1943 481 1974 tulit
499 1943 584 1974 illico
608 1950 743 1982 gressuS‚

265 1991 330 2029 Quo
356 1990 482 2029 praesul
507 1992 632 2021 sanctus

309 2039 434 2069 sanctos
447 2036 502 2068 dat
513 2041 643 2076 pectore
655 2036 811 2076 planctus,

262 2084 354 2116 Felix
380 2084 503 2115 deserto

309 2131 444 2162 laetatur
468 2130 562 2162 valde
585 2131 722 2169 reperto.

263 2187 326 2219 Dat
352 2187 384 2218 in
411 2187 517 2219 divina

310 2233 445 2265 brumali
468 2237 611 2273 tempore
634 2232 725 2272 spina

264 2282 404 2321 Bou-um,
430 2281 483 2319 qui
509 2279 596 2312 fusus

311 2327 456 2359 morienti
480 2328 609 2359 restruit
633 2335 718 2364 usus,

934 177 1053 209 Conatu
1078 187 1189 218 magno

977 227 1087 263 pastor
1108 226 1254 263 portatur
1278 223 1317 254 ab
1339 230 1433 262 agro3

862 268 898 302 V.
928 270 955 302 A
982 270 1116 302 Domino
1141 269 1259 302 factum

876 382 907 412 3.

978 320 1025 348 est
1057 318 1117 349 hoc
1140 316 1328 349 admirabile
1352 313 1480 347 factum.

933 382 1084 414 Praesule
1109 384 1241 421 excepto

979 437 1039 459 non
1065 427 1150 459 flecti
1175 428 1321 466 dogmate
1346 428 1456 464 coepto

933 475 1026 506 Felix
1051 474 1198 513 intendit,

979 529 1055 560 gens
1075 520 1220 552 dentibus
1238 519 1336 558 impia
1353 516 1483 557 frendit,

934 566 1053 606 Effugit
1077 567 1129 598 hic
1150 566 1223 607 tela,

985 621 1076 652 quem
1100 615 1207 645 servat
1228 619 1345 643 aranea
1369 612 1449 653 tela3

897 685 904 692 .
934 660 987 692 Sic
1013 660 1156 693 Christus
1181 658 1300 698 frangit

981 707 1049 747 hos,
1076 716 1152 746 quos
1177 715 1250 746 spes
1271 704 1358 737 idola
1374 704 1484 744 tangit.

1023 839 1038 870 I
1048 847 1067 869 n
1092 837 1120 868 L
1128 846 1146 868 a
1154 846 1175 868 u
1187 836 1256 868 dib
1266 846 1286 867 u
1296 845 1320 870 s,

1078 911 1273 946 Antiphonae.

903 1003 911 1010 .
938 980 1183 1017 persequentum
1199 979 1363 1016 postquam
1377 985 1488 1008 manus

937 1025 1094 1057 Evaserat
1116 1024 1211 1055 Felix
1235 1032 1342 1063 sanus,

936 1072 1030 1104 Hunc
1054 1071 1150 1103 vidua
1175 1070 1328 1110 quaedam
1352 1071 1451 1110 pavit,

938 1118 1027 1151 Sicut
1050 1118 1194 1151 Christus
1220 1116 1388 1148 ordinavit.

903 1208 909 1215 .
937 1184 1026 1216 Sacri
1051 1183 1130 1215 roris
1154 1181 1270 1213 infusio

934 1230 1061 1263 Potavit
1083 1230 1116 1261 in
1142 1228 1316 1268 compluvio

938 1277 1055 1309 Christi
1080 1284 1204 1308 servum
1231 1275 1325 1306 dante
1348 1274 1417 1307 Deo

933 1325 1034 1355 Aestu
1058 1323 1174 1354 siccato
1199 1324 1304 1361 puteo.

938 1389 1087 1421 Cessante
1109 1388 1262 1419 malorum
1286 1387 1375 1419 rabie

937 1436 1109 1467 Relooatur
1134 1434 1286 1465 ecclesiae

938 1483 1041 1521 Felix,
1066 1485 1141 1513 tunc
1163 1481 1279 1521 migrat
1301 1481 1454 1513 maximus

941 1529 1071 1561 Praesul
1095 1528 1137 1560 ad
1162 1528 1265 1559 coelos
1288 1526 1457 1562 Maximus,

935 1594 1073 1633 Eligitur
1096 1593 1260 1632 episcopus

934 1641 1036 1679 Felix,
1063 1640 1120 1671 sed
1144 1648 1205 1670 non
1230 1641 1351 1670 tantum
1376 1649 1465 1681 opus,

938 1687 1014 1719 Cum
1038 1686 1163 1718 humilis
1189 1688 1273 1717 esset
1300 1694 1381 1726 vere,

937 1733 1113 1766 Praesumit
1136 1733 1197 1764 sibi
1221 1741 1355 1765 sumere.

904 1823 911 1831 .
938 1800 1059 1839 Populo
1083 1798 1175 1830 Felix
1199 1798 1368 1838 presbyter

937 1846 1110 1878 Doctrinae
1133 1846 1282 1885 praebuit
1305 1847 1377 1888 iter,

939 1893 1048 1925 Donec
1072 1893 1138 1932 ejus
1164 1896 1213 1924 est
1236 1893 1366 1932 spiritus

940 1940 1070 1971 Sursum
1093 1940 1237 1972 invectus
1263 1940 1403 1974 coelitus.

1056 2023 1102 2050 Ad
1122 2023 1305 2051 Benedictus.

940 2090 1078 2121 Felicem
1105 2090 1189 2122 hunc
1212 2099 1407 2135 veneremur,

940 2137 1019 2176 Ejus
1044 2140 1133 2169 actus
1156 2137 1315 2169 imitemur

987 2184 1120 2216 Orantes
1145 2193 1203 2224 spe
1227 2184 1348 2225 sedula,

940 2230 986 2263 Ut
1008 2231 1041 2262 in
1067 2231 1195 2262 coelesti
1217 2231 1318 2271 gloria

941 2278 1003 2309 Per
1026 2278 1125 2317 ipsius
1149 2277 1297 2317 suffragia

986 2324 1163 2364 Regnemus
1185 2325 1218 2356 in
1243 2325 1381 2358 saecula.
