1651 2588
739 114 996 151 0-138*

355 212 401 246 In
427 211 457 246 1.
483 210 708 244 Nocturno.

434 278 626 312 Antiphonae.

236 338 268 371 1.
294 335 468 375 Flagrabat
492 337 576 366 certe
599 334 696 365 nimia

292 382 479 414 Dilectionis
505 381 604 423 copia,

294 430 393 467 Quam
417 428 549 468 speciali
572 427 675 467 gratia

293 477 331 508 In
356 475 470 507 dilecto
495 473 693 506 fundaverat.

238 534 269 564 2.
295 532 478 571 Margareta
502 539 631 570 regnum
655 529 764 561 mundi

297 578 373 610 Cum
397 577 462 608 suis
486 577 645 608 illecebris

295 624 453 664 Spernens
479 624 574 655 corde
600 632 635 654 se
660 623 774 654 devote

293 671 410 704 Christi
431 671 506 710 J'ugo
532 669 683 702 subdidit.

236 729 267 760 3.
293 727 353 759 Dei
379 726 493 757 cultrix
516 725 706 768 Margareta,

293 775 407 806 Sancto
431 773 545 812 spiritu
570 773 703 814 repleta,

292 820 392 852 Malle
415 828 449 850 se
475 820 554 851 dixit
579 819 691 859 occidi,

294 867 391 905 Quam
415 866 510 897 idolis
534 866 690 897 inclinari.

432 940 636 975 Responsoria.

239 999 268 1031 1.
294 997 345 1029 Ex
368 996 508 1028 tenebris
531 996 704 1035 Babylonis

344 1043 444 1075 Stella
466 1043 565 1082 surgit
591 1051 696 1083 aurea,

298 1090 456 1130 Splendor
481 1090 568 1128 qu'us
592 1089 703 1128 procul
727 1087 817 1127 fugat

342 1136 536 1168 Daemonum
561 1136 791 1175 phantasmata,

226 1184 263 1217 V.
293 1184 332 1216 In
356 1183 496 1214 tenebris
519 1183 575 1213 lux
598 1182 724 1213 lucebat

296 1230 340 1262 Et
364 1229 585 1269 comprehendi
610 1229 768 1268 nequibat.

240 1288 270 1319 2.
297 1289 389 1326 Agna
411 1285 472 1317 Dei
495 1285 677 1324 Margareta

296 1333 392 1364 Veste
415 1341 472 1363 sua
495 1331 659 1370 spoliatur,

298 1380 392 1418 Cujus
418 1387 489 1410 caro
516 1378 594 1409 diris
618 1376 725 1417 flagris

297 1427 522 1459 Incunctanter
545 1425 720 1467 laceratur3

341 1520 398 1551 bus
422 1518 551 1551 sanetis.

239 1578 270 1609 3.
295 1577 384 1608 Inter
408 1578 472 1607 tam
497 1575 567 1606 dira
590 1574 725 1606 verbera

298 1623 422 1654 Christo
448 1620 531 1653 fudit
555 1621 746 1660 precamina,

296 1669 346 1700 Ne
370 1667 534 1707 frangatur
555 1667 719 1706 suppliciis

296 1715 370 1747 Ullo
395 1715 507 1745 timore
531 1713 681 1752 corporis.

343 1817 400 1840 suo
423 1816 533 1840 vocem
559 1806 636 1846 ejus.

355 1892 400 1924 In
425 1894 457 1924 2.
483 1891 713 1923 Nocturno.

438 1956 630 1991 Antiphonae.

241 2016 272 2048 1.
298 2015 396 2046 Am0r
419 2013 683 2053 inexstinguibilis

297 2059 513 2093 Infiammarat
537 2069 590 2092 cor
611 2059 751 2099 virginis,

298 2108 394 2140 Sacro
418 2111 499 2139 teste
524 2107 646 2147 eloquio

297 2153 404 2186 Fortis
425 2158 461 2186 ut
484 2163 567 2186 mors
594 2154 730 2186 dilectio.

241 2213 272 2245 2.
299 2211 392 2242 Hunc
416 2220 497 2251 aqua
520 2219 580 2242 nec
602 2209 752 2241 immania

296 2257 420 2289 Necare
443 2259 550 2289 valent
570 2256 708 2297 flumina,

298 2305 383 2337 Huic
403 2305 492 2345 virgo
519 2305 694 2336 clarissima

301 2351 421 2383 Cuncta
443 2352 606 2391 postponit
629 2351 762 2383 lubrica.

294 1473 525 1505 Fundamenta
558 1471 625 1511 ejus
655 1471 694 1502 in
721 1468 836 1502 monti-

295 1761 339 1793 Et
363 1760 525 1793 exaudivit
548 1760 585 1791 de
600 1759 712 1799 templo
730 1762 839 1791 saneto

909 213 939 244 3.
965 211 1029 243 Pro
1053 209 1209 243 servando
1234 209 1295 241 hoc
1318 206 1448 240 foedere

965 257 1037 289 Non
1062 260 1190 289 veretur
1214 265 1249 288 se
1273 255 1402 287 tradere

965 304 1081 337 Mortis
1105 312 1215 336 sacrae
1240 301 1424 342 compendio

963 351 1146 391 Regnatura
1172 360 1242 382 cum
1265 348 1414 382 Domino.

1099 443 1305 479 Responsoria.

932 535 939 542 .
965 509 1126 541 Felicibus
1149 509 1324 549 praesagiis

965 557 1073 588 Versis
1098 565 1220 588 sursum
1245 555 1386 595 vestigiis

965 604 1004 635 In
1029 612 1103 635 aere
1127 602 1333 642 suspenditur

965 650 1038 681 Diri
1061 649 1140 681 fumi
1164 649 1343 689 angoribus,

926 723 933 730 .
965 697 1044 736 Quia
1066 697 1115 728 illi
1140 697 1263 736 optanti
1289 696 1408 727 coelica

964 744 1176 775 Amarescunt
1201 746 1313 775 cuncta
1338 742 1512 775 terrestria.

931 824 939 832 .
966 799 1084 831 Christi
1108 808 1224 839 sponsa
1248 798 1428 831 crudelibus

960 846 1165 878 Divaricatur
1188 845 1354 886 unguibus,

965 894 1014 924 Ac
1038 895 1103 924 tum
1128 902 1163 924 se
1182 893 1288 932 Jungit
1311 893 1451 924 strictius

966 940 1069 972 Castis
1095 940 1161 979 ejus
1186 939 1403 981 amplexibus;

925 1011 931 1017 .
961 987 1058 1018 Rosei
1082 987 1175 1018 undis
1201 987 1361 1026 sanguinis

964 1035 1063 1064 Amor
1084 1031 1225 1064 florescit
1246 1033 1387 1072 virginis

933 1114 939 1120 .
965 1089 1117 1121 Flammis
1142 1089 1230 1128 virgo
1253 1089 1396 1120 exuritur

964 1135 1009 1167 Et
1030 1136 1064 1167 in
1088 1135 1177 1174 aquis
1204 1135 1406 1175 demergitur,

966 1182 1030 1213 Sed
1053 1184 1161 1213 manet
1183 1182 1377 1212 invincibilis

965 1228 1054 1260 Sacri
1078 1229 1194 1260 virtute
1219 1227 1371 1268 flaminis;

927 1301 935 1309 .
963 1275 1130 1307 Trcmsz'vit
1141 1284 1201 1314 per
1216 1275 1324 1315 ignem
1340 1276 1368 1306 et
1380 1284 1512 1315 aquam.

1031 1396 1076 1427 In
1102 1397 1133 1428 3.
1159 1397 1384 1428 Nocturno.

1107 1469 1300 1505 Antiphonae.

934 1552 941 1559 .
966 1526 1050 1558 Hinc
1067 1529 1124 1566 est,
1143 1528 1227 1566 quod
1243 1527 1340 1566 virgis
1359 1527 1512 1566 caeditur,

966 1574 1057 1611 Quod
1083 1574 1149 1612 ejus
1175 1582 1248 1605 caro
1275 1574 1425 1615 carpitur,

966 1620 1119 1652 Rubescit
1143 1629 1256 1659 corpus
1282 1621 1442 1661 sanguine,

966 1666 1092 1706 Regnat
1115 1667 1203 1706 vigor
1227 1667 1260 1698 in
1284 1667 1416 1706 virgine.

934 1748 941 1754 .
966 1722 1043 1753 Post
1065 1723 1127 1753 ista
1151 1725 1215 1754 tam
1239 1723 1379 1763 ingentia

969 1770 1109 1808 Tamque
1134 1769 1204 1801 dira
1227 1770 1385 1809 supplicia

966 1815 1094 1856 Martyr
1119 1816 1235 1848 Christi
1263 1817 1407 1849 exuritur

968 1862 1036 1894 Nec
1059 1872 1121 1894 non
1146 1864 1234 1903 aquis
1256 1864 1462 1904 immergitur.

935 1944 942 1951 .
965 1918 1123 1958 Quidquid
1149 1920 1245 1951 audet
1270 1920 1450 1960 crudelitas,

968 1964 1097 1997 Perfert
1121 1966 1187 2005 ejus
1211 1967 1388 2007 integritas,

968 2011 1168 2052 Subactaque
1191 2014 1334 2053 nequitia

968 2060 1071 2091 Intrat
1093 2060 1172 2091 coeli
1195 2061 1325 2100 palatia.

1100 2144 1305 2180 Responsoria.

937 2235 944 2242 .
969 2210 1066 2250 Virgo
1093 2210 1211 2243 Christi
1235 2212 1420 2251 Margareta

1018 2257 1079 2288 Pro
1103 2258 1220 2289 nostris
1242 2258 1377 2290 miseriis

971 2303 1054 2335 Dum
1079 2307 1194 2344 oraret,
1221 2315 1282 2337 vox
1306 2305 1434 2337 auditur

1017 2351 1144 2384 Emissa
1167 2361 1187 2384 a
1210 2352 1350 2391 superis:
