1650 2587
227 229 259 261 4.
285 230 375 262 Inter
401 230 519 263 Christi
543 231 724 264 sacerdotes

333 276 494 318 refulgens
518 280 554 310 ut
576 277 691 311 lucifer

285 324 466 357 Creatorem
494 325 553 357 Dei
578 334 687 358 servus

333 372 498 405 benedixit
521 372 690 405 Maximus.

227 448 258 479 5.
285 447 394 479 Omnis
419 450 517 488 aetas,
544 448 643 479 omnis
668 456 761 480 sexus

334 495 434 526 omnis
459 496 553 535 atque
575 495 706 534 spiritus

284 541 432 573 Laudent
456 542 558 574 Deum
584 551 653 573 cum
679 541 771 574 beato

335 587 516 621 confessore
536 589 688 622 Maximo.

408 682 452 709 Ad
472 681 657 710 Benedictus.

217 749 256 781 A.
289 749 389 781 Stella
413 747 537 789 fulgens
561 749 716 782 matutina

334 797 419 828 inter
445 797 524 828 coeli
548 797 676 836 lumina,

288 843 364 875 Veri
389 844 464 875 solis
488 844 659 884 illustrata,

334 900 353 922 o
376 890 527 931 Maxime,
560 891 671 932 gloria,

840 134 907 171 167
956 156 1002 161 —-

965 231 1154 264 Residentes
1179 230 1289 262 mortis
1314 230 1426 263 umbra

1013 278 1106 310 Adae
1131 278 1223 318 culpa
1248 278 1342 310 visita

966 326 1083 358 Lucem
1108 325 1152 356 eis
1176 325 1361 364 imperando

1015 376 1047 404 et
1070 372 1157 412 pacis
1182 373 1330 404 remedia.

1038 458 1083 490 In
1110 458 1140 489 2.
1166 458 1381 497 vesperis.

1079 513 1125 539 Ad
1144 511 1323 548 Magnificat.

930 587 936 593 .
968 560 1098 592 Gemma
1121 560 1239 593 Christi
1263 561 1462 592 sacerdotum

1015 608 1155 639 Maxime
1178 608 1353 647 perlucida,

970 654 1045 687 Cum
1071 655 1241 687 Cherubim
1265 655 1326 686 Dei
1351 655 1431 686 mira

1016 702 1068 741 qui
1091 702 1192 741 polles
1215 702 1357 742 scientia,

968 748 1045 792 Fac,
1072 752 1107 780 ut
1131 751 1257 780 nostrae
1281 751 1401 780 mentes
1425 748 1481 780 illo

1014 798 1183 835 tangantur
1206 796 1363 835 incendio,

970 842 1035 881 Quo
1062 843 1210 874 cremaris
1235 852 1359 882 semper
1385 842 1477 874 dulce

1017 889 1183 929 Seraphim
1210 898 1279 921 cum
1304 890 1437 929 agmine.

291 977 375 1003 Brev.
404 983 457 1002 ms.
484 975 651 1002 Morinense
676 982 751 1001 saec.
779 972 822 1001 15.
851 972 918 1000 Cod.
943 973 1067 999 Parisin.
1098 971 1202 1000 17997.
1231 973 1265 1000 A.
1290 987 1328 992 —
1356 974 1439 1000 Brev.
1467 981 1519 1000 ms.

214 1010 424 1047 Morinense(‘?)
443 1020 518 1039 saec.
535 1010 578 1039 15.
601 1011 669 1039 Cod.
684 1011 842 1039 Atrebaten
862 1007 926 1038 393.
947 1010 980 1037 B.
994 1025 1031 1030 -—
1051 1011 1086 1037 In
1109 1008 1132 1037 1.
1147 1010 1234 1046 Vesp.
1255 1008 1276 1036 Α
1297 1008 1323 1044 4,
1347 1009 1364 1038 5
1386 1011 1519 1038 omnibus

212 1050 286 1077 fehlt
309 1050 343 1077 A.
373 1065 410 1069 —
437 1049 620 1085 Zugehiirige
639 1049 776 1084 Hymneu
804 1050 835 1075 in
864 1046 887 1076 1.
909 1048 1013 1083 Vesp.:
1041 1048 1157 1081 Gaude,
1186 1047 1257 1074 Sion
1277 1047 1460 1083 hymnidica,
1489 1050 1520 1074 in

212 1087 322 1115 Laud.:
345 1086 468 1119 Christe,
489 1086 590 1114 mundi
611 1095 663 1122 pro
685 1086 787 1114 salute.

566 1243 612 1274 63.
651 1243 695 1274 De
714 1250 754 1273 ss.
774 1241 906 1274 Maximo
927 1243 958 1274 et
977 1243 1170 1275 Venerando.

354 1333 398 1365 In
433 1332 458 1365 1.
484 1332 710 1372 vesperis.

405 1416 452 1442 Ad
470 1414 650 1451 Magnificat.

213 1485 254 1516 A.
284 1485 364 1526 Ave,
391 1482 534 1515 fraterna

333 1533 507 1569 martyrum
532 1530 708 1569 progenies,

285 1578 383 1617 Quam
409 1578 514 1609 saeclo
538 1577 692 1617 geminam

332 1625 468 1665 protulit
491 1634 554 1656 una
579 1624 665 1664 dies3

283 1673 396 1712 Avete,
426 1671 543 1703 Christi

332 1719 461 1760 gloriosi
487 1721 654 1759 martyres,

284 1767 367 1806 Quos
393 1774 493 1807 aeque
517 1774 628 1806 passos

333 1823 433 1854 aequa
455 1812 543 1846 fovet
566 1813 691 1853 requies

286 1862 350 1894 Vos
376 1862 430 1901 qui
455 1870 625 1901 supernam

329 1910 395 1948 J'am
421 1908 537 1939 tenetis
562 1908 694 1948 gloriam

285 1956 387 1988 Nobis
411 1963 579 1995 precamur

333 2003 503 2043 impetrate
526 2003 661 2035 veniam.

357 2146 387 2176 A
401 2144 420 2176 d
446 2144 704 2176 Matutinum.

419 2229 635 2256 Invitatorium.

284 2298 465 2331 Adoremus
490 2296 669 2336 Dominum,

286 2346 345 2386 Qui
370 2346 551 2376 sanctorum
571 2345 746 2382 martyrum

286 2394 397 2426 Virtus
423 2394 472 2424 est
496 2394 528 2423 et
552 2391 736 2431 praemium.

1028 1333 1074 1364 In
1101 1332 1131 1365 1.
1157 1332 1214 1364 No
1226 1334 1294 1363 ctu
1306 1341 1386 1365 ruo,

1112 1396 1306 1432 Antiphonae.

937 1479 944 1486 .
969 1454 1127 1485 Maximus
1153 1457 1185 1485 et
1207 1455 1415 1487 venerandus

1017 1501 1140 1533 nobiles
1163 1502 1196 1532 in
1219 1501 1328 1533 Brixia

971 1548 1066 1579 Patre
1089 1548 1207 1588 Magno
1232 1551 1306 1580 sunt
1330 1548 1440 1588 exorti,

1017 1598 1118 1627 matre
1144 1595 1230 1627 dicta
1253 1595 1374 1628 Tassia.

935 1676 943 1683 .
969 1651 1058 1683 Haec
1081 1652 1114 1683 in
1136 1660 1216 1691 pace
1240 1655 1313 1692 post
1338 1648 1492 1696 [sepulta]

1019 1699 1102 1730 diem
1128 1699 1242 1730 clausit
1264 1699 1419 1739 ultimum,

968 1746 1104 1786 Magnus
1131 1755 1205 1777 ense
1228 1747 1436 1786 triumphavit

1018 1802 1145 1825 consors
1167 1792 1270 1825 factus
1294 1797 1478 1834 martyrum.

912 1853 943 1883 ⁰.
969 1851 1016 1884 Ut
1039 1851 1143 1883 orbati
1166 1853 1240 1882 sunt
1263 1854 1406 1891 utrisque

1015 1897 1073 1930 filii
1094 1898 1289 1938 parentibus,

969 1945 1087 1977 Rerum
1111 1947 1193 1977 totas
1220 1945 1298 1977 dant
1321 1954 1447 1977 suarum

1018 1993 1124 2032 copias
1150 1992 1324 2032 egentibus

935 2076 942 2083 .
968 2050 1118 2089 Erogato,
1147 2049 1230 2089 quod
1254 2048 1423 2089 habebant,

1017 2096 1137 2128 Romae
1161 2096 1268 2127 visunt
1291 2096 1416 2128 moenia

968 2143 1013 2175 Et
1036 2143 1122 2175 beati
1147 2141 1354 2183 perfruuntur

1017 2190 1150 2223 Damasi
1174 2191 1366 2230 praesentia.

937 2273 945 2281 .
972 2247 1031 2286 Qui
1055 2247 1182 2279 beatum
1209 2248 1406 2280 consecravit

1016 2295 1190 2327 Maximum
1215 2294 1406 2336 pontificem,

968 2342 1057 2374 Dans
1083 2342 1200 2375 levitae
1222 2343 1411 2375 Venerando

1017 2389 1106 2431 fungi
1130 2390 1316 2425 ministerio.
