1650 2587
719 117 978 153 —219-

267 209 354 241 Ecce
378 219 456 242 crux
480 214 514 243 et
534 212 657 253 lancea,

270 257 397 300 Clavus,
424 267 540 290 corona
564 260 684 302 spinea,

316 305 417 337 Arma
441 306 525 346 regis
550 307 670 346 gloriae

364 353 438 384 Tibi
464 355 732 395 commendantur,

270 399 385 431 Omnes
410 402 516 432 terrae
540 402 660 442 populi,

272 446 418 479 Laudent
442 451 601 480 auctorem
626 449 754 489 saeculi,

240 495 243 498 '
318 493 380 525 Per
404 503 495 534 quem
519 496 616 527 tantis
641 496 762 536 gratiae

366 541 470 581 Signis
495 543 678 582 gloriantur.

336 640 395 672 Ad
421 640 687 675 Matutinum.

407 706 622 733 Invitatorium.

271 762 361 803 Regi,
387 764 441 802 qui
465 764 547 804 regit
572 765 684 803 omnia,

321 809 446 842 Christo
472 810 686 852 confiteamur,

271 855 370 888 Sacra
392 858 480 896 quus
504 858 641 898 insignia

318 903 488 944 Redempti
510 913 705 938 veneramur.

333 1007 379 1039 In
407 1008 436 1040 1.
464 1008 691 1042 Nocturno.

412 1072 608 1108 Antiphonae.

213 1129 242 1161 1.
269 1129 372 1169 Reges
397 1132 431 1160 ut
455 1138 532 1161 vasa
555 1129 642 1170 figuli

316 1177 354 1208 In
379 1175 440 1207 fine
466 1175 713 1217 confringentur,

269 1223 328 1262 Qui
352 1223 464 1254 summi
489 1224 573 1264 regis
599 1224 713 1255 aemuli

315 1269 446 1302 Crucem
471 1279 534 1302 non
558 1274 753 1303 reverentur.

211 1328 242 1358 2.
269 1326 432 1358 Adversus
456 1326 517 1358 Dei
541 1326 640 1358 filium

316 1373 412 1405 Multi
436 1373 685 1417 insurrexerunt,

268 1420 312 1452 Et
335 1423 485 1452 nocentes
508 1421 667 1452 innoxium

316 1468 468 1501 Cruorem
493 1466 680 1502 effuderunt.

210 1526 241 1557 3.
268 1524 369 1563 Beati,
396 1532 527 1563 quorum
553 1524 635 1556 oculi

315 1571 503 1602 Praesentes
530 1572 789 1615 contemplantur,

269 1618 355 1657 Quae
380 1621 427 1649 tot
451 1621 607 1650 terrarum
632 1620 743 1659 populi

314 1665 473 1697 Absentes
498 1669 697 1699 venerantur.

399 1740 608 1776 Responsoria.

209 1798 240 1831 1.
266 1797 347 1838 Lux,
377 1806 460 1839 ecce,
487 1797 589 1839 fulget
610 1798 707 1831 hodie

313 1845 451 1885 Magnae
475 1846 694 1889 solemnitatis,

267 1892 412 1924 Laudum
437 1893 569 1925 litentur
593 1893 715 1926 hostiae

313 1939 350 1972 In
375 1949 432 1971 ara
456 1941 614 1980 puritatis,

266 1986 317 2019 Ne
341 1989 449 2019 tantae
476 1988 558 2020 dona
581 1987 703 2027 gratiae

313 2033 510 2067 Auferantur
534 2034 686 2075 ingrati53

196 2082 233 2115 V.
264 2081 363 2114 Lacte
385 2083 526 2122 psallant
551 2082 703 2114 ecclesiae

265 2129 449 2162 Laudantes
476 2139 582 2171 regem
607 2130 727 2170 gloriae

310 2178 373 2210 Pro
400 2177 491 2209 donis
516 2177 578 2210 sibi
605 2177 696 2209 datis.

205 2236 237 2268 2.
263 2235 300 2266 Iu
326 2234 429 2266 Phase
454 2235 537 2274 quod
561 2234 757 2275 praecipitur

311 2280 440 2321 Moyses
466 2282 640 2323 immolare,

266 2328 330 2361 Sub
356 2329 430 2371 agni
454 2331 531 2369 typo
558 2330 698 2361 creditur

311 2376 379 2408 Lex
407 2376 566 2409 Christum
593 2377 771 2417 designare,

951 214 1047 254 Cujus
1069 214 1195 254 sanguis
1221 214 1392 247 effunditur

997 263 1034 294 In
1060 262 1163 294 Phase
1186 262 1333 295 salutare.

879 310 917 342 V.
949 310 1018 342 Hoc
1043 317 1189 349 aspersus
1213 318 1274 341 non
1300 309 1448 349 laeditur,

950 355 1032 387 Nam
1057 356 1098 387 ad
1125 364 1193 386 eum
1218 365 1280 387 non
1305 356 1419 388 sinitur

995 404 1166 436 Percussor
1190 405 1367 442 penetrare.

894 461 924 492 3.
952 458 1094 491 GhrIStus
1119 459 1152 489 in
1177 459 1277 498 patris
1302 459 1395 491 vinea

998 507 1060 538 Pro
1083 505 1175 538 nobis
1198 507 1371 546 vapulavit,

950 553 1033 585 Dum
1057 552 1195 585 fructum
1219 562 1295 593 gens
1321 562 1452 585 erronea

998 601 1135 632 Petitum
1161 599 1336 641 denegavit,

951 648 1089 679 Insontis
1113 647 1195 678 latus
1220 648 1331 679 lancea

999 694 1144 726 Crudelis
1169 693 1352 733 perforavit.

880 741 918 773 V.
949 741 1041 773 Felix
1067 743 1114 773 est
1138 741 1243 780 cuspis
1269 740 1383 781 ferrea,

952 788 1018 827 Qua
1043 785 1204 820 confossus
1230 797 1249 819 a
1273 787 1391 819 framea

997 835 1125 867 Fideles
1149 835 1307 867 liberavit.

1008 930 1054 961 In
1079 931 1111 962 2.
1137 928 1372 960 Nocturno.

1092 993 1286 1028 Antiphonae.

891 1047 922 1079 1.
951 1046 1096 1087 Catenae,
1122 1055 1183 1085 qua
1207 1054 1282 1085 gens
1305 1045 1404 1085 impia

995 1092 1122 1133 Ligavit
1144 1093 1344 1132 salvatorem,

947 1140 1105 1172 Devotum
1130 1148 1199 1170 cum
1223 1139 1346 1171 laetitia

993 1186 1215 1227 Impendamus
1241 1186 1400 1218 honorem.

892 1244 923 1275 2.
949 1243 987 1275 In
1011 1247 1075 1286 tua,
1101 1243 1188 1282 Jesu,
1212 1242 1320 1281 requie

994 1290 1061 1323 Nos
1086 1293 1189 1321 tecum
1214 1289 1415 1331 gaudeamus,

949 1337 1044 1377 Cujus
1066 1345 1186 1377 pannos
1210 1335 1364 1367 infantiae

995 1386 1032 1417 In
1057 1383 1150 1415 terris
1175 1384 1373 1415 honoramus.

891 1438 922 1470 3.
947 1436 999 1468 Ex
1024 1435 1142 1469 Christi
1166 1436 1252 1466 tacta
1275 1433 1358 1466 facie

994 1482 1127 1515 Tabella
1152 1484 1333 1513 consecrata

948 1530 1093 1561 Habetur
1116 1529 1313 1561 reverentiae

997 1576 1192 1609 Christicolis
1220 1575 1344 1610 collata.

1084 1650 1289 1686 Responsoria.

891 1705 923 1738 1.
949 1704 1083 1736 Aeterni
1108 1703 1304 1735 tabernaculi

947 1752 1017 1784 Rex
1043 1754 1075 1783 et
1098 1751 1280 1790 redemptor
1304 1751 1421 1783 saeculi

995 1798 1129 1832 Vilescit
1152 1798 1331 1839 insensatis,

948 1847 1098 1879 Indutum
1123 1842 1224 1877 forma
1248 1846 1367 1878 servuli

949 1894 1056 1934 Spinis
1082 1895 1234 1925 coronant
1257 1894 1372 1925 aemuli

995 1941 1164 1973 Dominum
1187 1941 1373 1981 majestatis,

877 1988 915 2022 V.
942 1988 1085 2020 Haerent
1109 1987 1142 2018 in
1168 1995 1262 2018 carne
1286 1987 1416 2030 stimuli,

951 2036 1120 2075 spinarum
1146 2034 1256 2066 sordes
1281 2036 1390 2075 populi

994 2083 1074 2115 Fert
1097 2081 1179 2115 liber
1204 2090 1222 2112 a
1247 2083 1396 2122 peccatis.

890 2142 920 2172 2.
945 2140 1050 2172 Amici
1075 2137 1187 2178 crucis,
1210 2139 1363 2177 plaudite,

949 2187 1006 2226 Qui
1033 2194 1157 2218 crucem
1182 2184 1375 2224 profitemini

996 2234 1113 2266 Salutis
1137 2232 1389 2274 instrumentum,

948 2281 1097 2321 Trophea
1122 2280 1223 2311 crucis
1248 2281 1387 2322 pangite,

949 2330 1010 2361 Per
1035 2336 1159 2360 crucem
1186 2328 1279 2360 datur
1304 2329 1422 2360 homini

995 2375 1157 2409 Victoriae
1182 2379 1384 2410 crementum.
