1650 2587
767 127 1023 162 —107—

248 215 280 247 3.
307 217 354 248 At
378 216 496 248 Christi
522 226 640 257 sponsa

356 263 473 297 Christi
500 265 653 298 solamine
678 266 768 311 fulta,

305 309 391 343 Vicit
413 311 591 345 rhetoricos

352 366 429 391 vera
453 359 577 391 ratione
600 362 799 395 maeandros.

1078 226 1123 257 In
1148 226 1376 258 Laudibus,

1130 289 1324 326 Antiphonae.

931 347 961 380 1.
989 348 1157 387 Postquam
1185 348 1322 380 crudelis

444 444 651 479 Responsoria.

271 524 279 532 .
305 500 461 533 Percussa
484 502 591 543 gladio

353 547 409 579 dat
432 549 483 580 lac
506 558 565 589 pro
590 551 742 591 sanguine
767 552 858 591 collo,

306 594 406 633 Quam
430 605 540 628 manus
565 598 708 637 angelica

350 643 497 681 sepelivit
521 644 641 676 vertice
665 645 750 687 Sina,

263 712 271 720 .
300 688 456 721 Membris
481 691 631 731 virgineis

352 736 414 768 olei
438 735 507 769 fluit
530 738 615 770 unda
640 739 786 774 salubris,

269 826 276 834 .
303 801 472 835 Horrendo
497 803 663 837 subdenda

350 852 492 882 rotarum
515 851 776 893 machinamento,

300 897 399 937 Virgo
423 897 525 929 Deum
549 899 674 940 elamat,

350 944 390 975 de
416 945 510 976 coelis
536 946 665 985 angelus
690 947 807 989 adstat,

298 991 385 1022 Ecce
408 992 605 1031 repentinam

348 1037 425 1069 dant
445 1039 537 1078 plebs
553 1041 704 1079 rotaeque
720 1040 853 1082 ruinam,

260 1110 266 1117 .
297 1084 472 1124 Tamquam
497 1085 666 1119 Chaldaeis

346 1132 504 1171 quondam
534 1131 648 1165 fornax
672 1134 853 1177 Babylonis.

265 1222 272 1230 .
299 1198 325 1231 O
350 1200 452 1230 mater
477 1201 595 1242 nostra,

348 1248 398 1277 ter
422 1248 532 1278 sancta
557 1250 730 1288 quaterque
749 1248 853 1289 beata,

298 1292 376 1326 Cum
398 1301 495 1332 prece
520 1293 634 1326 devota

349 1338 557 1372 famulantum
582 1342 707 1382 suscipe
730 1345 813 1382 vota,

259 1408 266 1415 .
297 1386 370 1419 Jam
396 1387 522 1420 Christo
543 1388 654 1428 juncta

347 1442 526 1474 sponsoque
550 1438 604 1467 tuo
629 1437 759 1472 sociata.

472 1518 614 1546 Prosella.

297 1567 454 1599 Aeternae

343 1614 432 1654 virgo
458 1615 639 1656 memoriae,

296 1661 396 1700 Quam
421 1661 483 1693 sibi

343 1708 515 1749 despondit
538 1718 595 1741 rex
620 1710 749 1752 gloriae,

294 1775 434 1816 Virginis

340 1823 447 1862 proles
473 1823 618 1863 egregiae

293 1870 496 1911 sponsusque

341 1918 473 1958 virginis
499 1918 661 1953 ecclesiae.

292 1984 342 2017 Tu
364 1984 483 2024 gaudes

339 2031 435 2063 hodie
460 2031 542 2063 dono
566 2032 698 2072 gratiae,

293 2079 410 2112 Cantas
434 2078 468 2110 in

339 2125 427 2157 coelo
453 2134 580 2157 carmen
603 2126 752 2161 laetitiae.

291 2192 338 2224 Te
362 2192 531 2224 laudantes

337 2240 372 2272 in
396 2241 485 2271 terra
509 2240 634 2280 respice

290 2289 398 2327 Atque
422 2290 533 2320 nostra

337 2335 510 2367 clementer
533 2335 659 2375 suscipe

383 2382 475 2416 Vota.

1034 394 1184 427 invictam
1209 396 1334 427 viderat
1357 396 1455 428 hostis

986 441 1126 473 Mentem
1148 443 1331 483 virgineam,

1032 488 1120 520 velut
1143 498 1249 521 amens
1273 488 1375 521 fertur
1396 490 1428 521 in
1446 490 1536 522 iram.

954 569 960 576 .
986 544 1124 577 Exacuit
1148 547 1257 578 dentes

1033 591 1222 625 furibundus
1247 596 1282 624 ut
1305 594 1354 625 leo
1372 592 1522 625 frendens

987 638 1024 669 In
1049 648 1196 678 sponsam
1221 641 1304 681 regis

1034 686 1151 719 Christi
1184 688 1252 719 sine
1283 687 1347 719 fine
1370 687 1534 719 manentis.

953 766 960 773 .
985 742 1031 774 At
1054 743 1233 775 Katharina
1255 743 1357 775 Deum

1033 798 1162 822 servans
1187 791 1220 822 in
1244 794 1373 830 pectore
1396 789 1494 822 fixum

985 837 1101 876 Arguit
1122 838 1265 869 insanum

1030 884 1200 917 manifesta
1222 893 1300 916 voce
1323 887 1500 924 tyrannum.

951 962 958 969 .
985 940 1062 971 Post
1085 940 1164 972 haec
1189 940 1329 973 carnifici

1029 988 1199 1019 mandatur
1223 996 1300 1020 voce
1323 987 1460 1027 tyranni,

983 1033 1029 1065 Ut
1053 1037 1149 1073 caput
1170 1035 1256 1066 illius

1030 1080 1136 1120 gladio
1161 1082 1327 1120 praecidat
1350 1083 1452 1113 acuto.

949 1160 955 1167 .
982 1136 1075 1168 Felix
1101 1140 1132 1169 et
1158 1138 1252 1178 digna
1275 1138 1369 1169 nimis

1029 1192 1061 1215 es
1086 1184 1266 1217 Katharina
1287 1184 1391 1225 beata,

983 1231 1069 1270 Quae
1094 1238 1152 1271 per
1175 1232 1361 1272 martyrium

1028 1279 1168 1318 sequeris
1204 1279 1362 1311 dominum
1393 1278 1532 1311 domino-

1303 1335 1384 1359 rum.

1096 1410 1142 1437 Ad
1161 1410 1345 1437 Benedictus.

942 1494 949 1500 .
979 1467 1096 1499 Inclita
1118 1470 1249 1507 martyr,
1276 1476 1343 1509 ave,

1030 1523 1089 1553 pro
1114 1515 1266 1555 sanguine
1289 1515 1373 1547 lacte
1396 1513 1512 1546 fluente

978 1560 1134 1601 Designas
1160 1561 1280 1593 cunctis

1024 1608 1108 1641 nivei
1135 1609 1322 1642 documenta
1347 1609 1489 1649 pudoris,

976 1655 1055 1687 Alta
1077 1658 1187 1688 tenens
1215 1656 1292 1688 coeli

1024 1702 1174 1742 pietatem
1199 1712 1295 1744 posce
1318 1703 1448 1743 superni

978 1749 1113 1790 Judicis,
1139 1754 1175 1783 ut
1198 1751 1288 1783 nobis

1026 1797 1081 1829 det
1104 1799 1244 1839 requiem
1268 1799 1402 1831 miseris.

1050 1922 1096 1953 In
1122 1925 1154 1955 2.
1177 1922 1391 1961 Vesperis.

1095 1992 1142 2019 Ad
1162 1991 1341 2027 Magnificat,

976 2054 1070 2085 Mons
1093 2053 1173 2094 legis
1198 2054 1274 2087 Sina

1024 2102 1165 2141 suscepit
1188 2103 1307 2133 vertice
1333 2103 1416 2135 dona

977 2148 1126 2187 Corporis
1152 2148 1273 2190 afflicti,

1023 2204 1113 2228 mons
1131 2196 1276 2229 Christus
1298 2197 1432 2229 culmine
1449 2199 1528 2230 coeli

976 2242 1159 2282 Suscipiens
1184 2244 1319 2276 animam

1025 2290 1139 2323 ditavit
1161 2291 1278 2323 honore
1303 2292 1438 2336 beatam,

977 2337 1073 2377 Cujus
1097 2347 1155 2370 nos
1179 2339 1326 2379 precibus

1022 2385 1178 2418 salvificet
1200 2387 1364 2421 Dominus.
