1650 2587
688 123 944 160 -198—

171 225 210 257 V.
244 225 325 257 Post
348 224 456 255 mundi
482 231 604 254 cursum

290 270 342 302 fac
366 280 422 302 nos
446 270 615 302 ascendere
640 276 771 306 sursum,

241 318 374 357 Christe,
396 317 558 349 beatorum

287 364 443 395 tutissima
466 363 553 394 scala
575 364 708 392 tuorum.

358 447 403 473 Ad
422 444 597 481 Magnificat.

169 496 210 527 A.
238 496 395 533 Perpetua

285 540 375 572 nobis
401 540 561 577 auxilium,

240 589 407 628 Perpetua,

288 634 374 672 qu'us
401 633 562 664 consilium

238 681 322 718 Fuit,
348 679 449 711 Deum

287 727 406 757 cunctis
430 732 636 765 praeponere,

239 775 365 806 Patrem
391 773 482 812 enim,

285 823 416 851 matrem
438 822 470 850 et
492 818 590 850 filium

238 867 281 898 Et
305 867 410 898 mariti

287 914 377 945 dulce
403 912 590 944 consortium

239 961 372 999 Propter
394 959 495 991 Deum

284 1007 373 1038 novit
397 1009 604 1037 contemnere.

303 1109 362 1140 Ad
386 1107 651 1140 Matutinum.

370 1172 584 1198 Invitatorium.

242 1229 421 1261 Laudemus
447 1228 616 1266 Christum,

290 1276 343 1315 qui
366 1276 554 1314 Perpetuam

240 1323 292 1354 Ad
320 1331 465 1353 coronam

287 1369 377 1400 duxit
400 1371 594 1408 perpetuam.

301 1473 345 1504 In
372 1472 402 1504 1.
429 1471 657 1502 Nocturno.

382 1535 573 1570 Antiphonae.

183 1594 214 1625 1.
243 1593 340 1626 Audit
363 1595 455 1632 pater
480 1591 735 1631 comprehensam

239 1640 333 1671 Suam
356 1642 462 1670 natam
488 1641 518 1669 et
543 1639 722 1669 immensam

286 1687 424 1725 Reputat
445 1684 616 1717 infamiam.

182 1745 212 1775 2.
239 1742 353 1774 Studet
377 1750 450 1780 ergo
475 1748 667 1779 praeparare

237 1789 282 1821 Et
304 1788 436 1819 eandem
458 1795 606 1819 revocare

286 1835 362 1867 Vult
386 1844 406 1866 a
429 1833 493 1865 fide
516 1833 624 1867 filiam.

181 1895 211 1925 3.
239 1892 329 1923 Dixit
354 1891 398 1922 ei:
426 1891 501 1930 quid
526 1888 640 1929 fecisti,

239 1939 302 1972 Cur
327 1938 416 1969 nobis
440 1937 618 1976 imposuisti

285 1985 514 2024 Sempiternam
537 1982 714 2015 maculam?

373 2068 577 2103 Responsoria.

183 2128 199 2158 1
239 2125 399 2157 Laudibus
426 2125 558 2165 egregiis

286 2172 462 2204 Laudemus
490 2172 685 2213 Perpetuam,

239 2219 324 2257 Quae
348 2219 492 2258 supernis
515 2218 637 2258 gaudiis

284 2266 425 2297 Laudem
451 2264 514 2297 fert
539 2266 706 2304 assiduam,

168 2313 205 2345 V.
235 2313 348 2345 Omnes
374 2313 540 2352 imitemur,

284 2363 320 2391 ut
345 2361 372 2391 ei
393 2360 483 2399 =iungi
507 2367 691 2392 mereamur.

859 222 890 253 2.
916 219 1035 251 Videns
1061 219 1255 249 constantem
1280 214 1378 247 filiam

961 266 1005 297 Et
1027 266 1060 296 in
1084 264 1148 296 fide
1171 263 1352 303 persistere,

915 313 999 345 Hinc
1023 321 1131 343 versus
1155 311 1188 342 in
1212 309 1367 341 insaniam

962 359 1039 390 Vult
1063 358 1168 389 oculos
1194 364 1314 390 eruere,

875 431 881 438 .
911 407 957 437 At
980 406 1080 437 virtus
1107 404 1224 436 Christi

956 453 1047 491 Juvat
1069 451 1159 487 hanc,
1187 450 1242 481 sed
1268 448 1377 480 obviat
1399 448 1464 479 isti.

881 531 888 539 .
915 508 1102 540 Saturninus
1127 508 1159 537 et
1184 506 1327 545 Satyrus,

914 555 996 593 Quos
1020 562 1079 585 nec
1103 552 1221 584 favoris
1246 552 1411 591 Zephyrus

959 601 1028 632 Nec
1051 600 1186 633 tonitrus
1210 599 1366 630 minarum

912 649 1087 680 Potuerunt
1111 649 1253 678 evertere

912 695 970 726 Vel
993 695 1034 726 ad
1060 694 1220 725 sinistram
1245 692 1383 731 flectere,

958 743 1085 781 Augent
1112 739 1228 772 festum
1251 739 1460 779 praeclarum.

872 814 879 821 .
912 789 988 821 Cum
1013 788 1181 820 Saturnino

959 835 1135 875 Satyroque
1158 834 1252 866 simul
1274 833 1412 865 saturari

913 883 1073 915 Poscimus
1099 884 1130 912 et
1154 889 1259 912 secum

960 929 1110 960 coelestia
1135 937 1231 967 regna
1254 927 1382 958 lucrari.

972 1013 1018 1044 In
1043 1014 1075 1045 2.
1101 1011 1328 1043 Nocturno.

1057 1075 1247 1110 Antiphonae.

884 1160 890 1167 .
915 1133 1028 1164 Finem
1054 1140 1137 1171 pone
1160 1132 1223 1163 tuis
1249 1132 1360 1171 ceptis,

915 1179 1111 1211 Salutaribus
1136 1179 1314 1217 praeceptis

961 1228 1078 1257 Aurem
1110 1225 1266 1265 praebens
1293 1225 1468 1257 credulam.

880 1311 887 1317 ,
910 1282 1072 1321 Numquid
1096 1284 1130 1312 tu
1157 1281 1362 1320 degenerabis

913 1329 1091 1367 Generique
1115 1327 1279 1367 generabis

960 1376 981 1407 J
982 1378 1122 1406 acturam
1146 1377 1359 1413 perpetuam?

880 1457 888 1464 .
915 1434 992 1463 Cum
1014 1431 1162 1469 ,iuventus
1188 1432 1218 1461 et
1244 1430 1400 1470 honestas,

915 1478 1031 1517 Genus,
1055 1477 1150 1508 decor
1175 1480 1207 1507 et
1230 1480 1370 1517 potestas

959 1524 1006 1556 Te
1029 1524 1165 1555 reddant
1189 1525 1418 1563 praecipuam?

1047 1593 1251 1628 Responsoria.

882 1675 889 1680 .
916 1646 1136 1679 Collaudemus
1162 1646 1366 1684 Revocatum,

913 1693 1078 1732 Nunquam
1104 1695 1209 1723 tamen
1233 1696 1412 1724 revocatum

959 1739 1009 1771 Ab
1035 1739 1149 1770 ardore
1174 1738 1259 1779 fidei,

914 1787 1011 1818 Simul
1036 1789 1068 1817 et
1087 1785 1296 1826 Felicitatem,

913 1834 972 1872 Qui
996 1836 1069 1864 sunt
1093 1835 1166 1864 ante
1192 1834 1342 1865 deitatem

961 1880 1055 1919 Quasi
1081 1880 1141 1911 duo
1168 1881 1259 1913 cerei.

875 1954 881 1961 .
912 1928 1005 1960 Felix
1029 1925 1153 1958 felicem

959 1975 1063 2013 proles
1088 1974 1202 2005 meruit
1225 1974 1419 2014 genitricem,

911 2022 1009 2053 Partu
1033 2023 1203 2060 praecepto

958 2068 1065 2109 genuit
1089 2077 1181 2107 quam
1205 2067 1364 2099 mensibus
1381 2071 1462 2100 octo.

879 2150 886 2157 .
912 2125 1096 2157 Parturiens
1119 2125 1152 2155 in
1179 2125 1288 2156 dolore

912 2172 1159 2203 Parturientium
1184 2181 1271 2203 more

959 2218 1030 2250 Hoc
1053 2227 1160 2250 mense
1185 2219 1365 2260 praecipue,

913 2266 1093 2306 Quaerenti,
1120 2269 1269 2305 quantum
1296 2266 1428 2306 doleret,

916 2312 992 2345 Cum
1015 2313 1098 2345 hanc
1122 2312 1192 2344 fera
1215 2316 1412 2353 perurgeret,

960 2360 1187 2400 Respondebat
1213 2369 1364 2399 congrue:
