1650 2587
730 130 988 166 —217—

338 224 386 256 In
409 227 441 258 2.
466 224 525 257 Νο
537 227 694 259 cturno.

425 289 620 325 Antiphonae.

247 372 254 379 .
281 347 359 387 Nos,
384 348 508 379 medice
532 348 628 392 orbis,

281 395 312 426 A
334 403 418 426 nexu
442 396 530 427 solve
554 396 665 427 mortis

284 442 328 474 Et
351 442 395 473 sis
419 442 473 474 hic
496 442 611 482 hospes

281 489 427 521 Terendo
452 488 580 521 fortiter
603 490 720 521 hostes.

247 570 254 577 .
282 545 387 585 Salva,
420 544 566 587 defende,
592 549 732 588 protege,

283 592 425 624 Salutum
451 596 630 625 nostrarum
654 593 786 633 medice,

283 640 377 680 Quos,
404 640 457 679 pie
482 643 569 672 sator
593 641 721 681 optime,

283 686 350 718 Tuo
376 687 497 718 redime
521 688 681 728 sanguine.

250 769 257 775 .
282 743 361 775 Esto
386 743 477 775 nobis
495 752 629 783 semper,
649 743 836 783 archangele
891 755 929 787 v.

281 790 464 829 Fidissime,
491 791 610 822 sodalis
634 789 735 830 unice,

281 838 347 876 Quo
371 846 428 869 nos
454 838 496 869 ad
520 838 622 877 patris
647 838 780 877 gratiam

281 885 419 917 Ovantes
445 885 541 917 ducas
569 885 720 916 inclitam.

419 959 625 995 Responsoria.

246 1039 254 1047 .
279 1015 383 1055 Hujus
408 1016 504 1049 Tobis
530 1015 676 1056 suffragio

279 1063 402 1094 Lumen
427 1063 562 1102 sumpsit
584 1063 617 1093 in
642 1062 788 1102 Domino,

281 1109 379 1147 Quem
404 1110 471 1149 ejus
495 1109 653 1141 medicina

281 1155 413 1188 Sanavit
439 1157 537 1188 virtus
564 1156 684 1190 divina.

242 1230 248 1237 .
278 1203 360 1235 Esse
376 1203 555 1243 videbatur,
579 1204 663 1243 quod
675 1212 738 1235 non
757 1206 835 1243 erat,

279 1250 325 1282 Et
347 1259 411 1282 non
437 1259 517 1291 esse,
544 1251 628 1290 quod
654 1253 731 1282 erat.

247 1330 255 1339 .
282 1306 359 1347 Nos,
385 1307 529 1346 Raphael
553 1307 751 1348 archangele,

281 1354 349 1385 Tuo
375 1362 465 1385 sacro
492 1352 628 1386 defende
653 1354 833 1394 munimine,

281 1401 327 1433 Ut
350 1401 419 1432 Deo
445 1401 586 1432 vivamus
611 1401 721 1440 libere,

245 1473 252 1480 .
281 1448 335 1480 Ad
362 1448 465 1480 coelos
491 1448 591 1480 virtus
619 1448 727 1481 divina

281 1495 351 1527 Tua
380 1495 475 1527 ducat
498 1495 665 1527 medicina.

250 1580 256 1586 .
280 1552 348 1584 Tuo
370 1550 445 1584 freti
470 1552 651 1592 munimine,

282 1599 471 1631 Nostrarum
494 1599 629 1630 salutum
653 1598 785 1638 medice,

283 1646 350 1679 Nos
376 1655 395 1677 a
420 1646 529 1678 mortis
555 1646 642 1677 solve
666 1646 778 1685 laqueo

282 1693 399 1725 Sacrae
421 1693 599 1725 medicinae
623 1692 746 1733 merito,

242 1766 248 1773 .
280 1741 352 1773 Alis
376 1741 439 1772 tuis
462 1742 604 1781 protege,

280 1789 347 1827 Quo
381 1788 498 1828 signati
519 1787 615 1819 simus
638 1787 672 1818 in
697 1787 836 1820 aethere.

341 1875 386 1907 In
414 1875 444 1908 3.
470 1873 502 1905 N
514 1875 704 1905 octurno.

426 1938 621 1972 Antiphonae.

247 2024 253 2031 .
281 1997 359 2038 Nos,
384 1996 521 2037 pervigil
546 1996 678 2034 medice,

286 2044 427 2087 Custodi,
453 2043 609 2084 Raphael‚
636 2043 771 2083 assidue,

284 2093 350 2132 Quo
377 2101 448 2123 cum
473 2091 591 2123 sanctis
617 2091 724 2123 vivere

282 2140 442 2173 Possimus
473 2139 579 2170 cuncti
602 2138 722 2170 inclite.

245 2225 252 2231 .
278 2197 456 2231 Leviathan
481 2195 656 2236 gurgitibus

279 2245 346 2277 Nos
371 2244 470 2277 sacris
495 2243 587 2276 trahe
611 2242 761 2282 precibus

278 2294 385 2333 Atque
409 2291 555 2331 supernis

280 2340 441 2380 Conjunge
466 2338 617 2371 coetibus.

907 229 938 261 3.
964 229 1031 261 Tuo
1056 225 1263 260 medicamine

963 276 1189 309 contritionem
1214 276 1355 317 admone,

962 323 1007 355 Ut
1030 322 1171 363 angelico
1195 322 1366 354 munimine

964 369 1170 403 Convivamus
1194 369 1228 401 in
1252 370 1389 403 aethere.

1096 491 1302 526 Responsoria.

927 591 935 599 .
962 568 986 599 O
1013 568 1095 599 vitae
1120 575 1241 606 gemma
1265 567 1385 606 inclita,

961 614 1087 646 Virtute
1110 614 1199 646 salva
1222 623 1278 645 nos
1302 615 1441 654 uranica,

962 661 1120 699 Quatenus
1144 661 1269 692 coelesti
1296 661 1374 692 solio

960 709 1153 748 Angelorum
1175 709 1271 739 simus
1293 708 1404 748 jubilo,

961 755 1038 788 Cum
1061 755 1139 795 ipsis
1165 758 1326 787 cantantes
1352 755 1483 794 gloriam

961 802 1029 834 Deo
1054 802 1138 842 patri
1162 802 1385 841 hymnidicam.

929 902 936 909 .
962 878 1025 910 Hic
1049 877 1159 910 sordes
1184 877 1343 908 hominum

963 926 1062 957 Prece
1085 925 1180 964 tergit
1205 924 1418 963 precaminum

961 972 1006 1003 Et
1030 974 1066 1003 ut
1089 971 1209 1003 athleta
1233 970 1420 1002 fortissimus

958 1018 1100 1058 Depellit
1124 1018 1244 1049 hostem
1266 1017 1398 1057 longius,

922 1089 931 1096 .
959 1064 1135 1097 Leviathan
1160 1064 1334 1104 gurgitibus

963 1112 1047 1143 Tuos
1072 1111 1162 1143 trahe
1186 1111 1342 1150 precibus.

930 1214 937 1222 .
963 1188 1009 1220 Te
1024 1195 1107 1220 nunc
1120 1195 1294 1229 precamur,
1314 1186 1512 1226 archangele,

961 1235 1098 1267 Vocibus
1122 1234 1239 1265 nostris
1263 1242 1375 1272 annue,

963 1283 1115 1315 Precatus
1140 1280 1187 1312 tui
1212 1281 1373 1322 adjuvent,

962 1329 1011 1361 Ne
1035 1338 1092 1361 nos
1116 1329 1221 1359 reatus
1243 1327 1410 1367 maculent,

923 1400 931 1408 .
960 1376 1111 1416 Acceptis
1136 1375 1218 1406 votis
1242 1374 1420 1413 supplicum

963 1424 1078 1455 Pectus
1102 1422 1231 1453 medere
1254 1421 1447 1461 languidum.

1051 1585 1095 1616 In
1122 1581 1348 1614 Laudibus

1110 1676 1304 1712 Antiphonae.

931 1781 938 1788 .
964 1755 1082 1787 Missus
1109 1755 1157 1785 est
1178 1753 1307 1793 angelus
1332 1752 1486 1792 Raphael‚

965 1803 1102 1835 Nostrae
1127 1800 1237 1832 salutis
1264 1800 1415 1839 medicus,

963 1850 1017 1882 Ad
1041 1848 1183 1888 Tobiam,
1209 1847 1271 1879 Dei
1295 1846 1458 1886 famulum,

966 1897 1071 1929 Sacris
1096 1895 1218 1928 actibus
1243 1895 1415 1926 assiduum.

930 1999 937 2006 .
958 1975 1055 2013 Quam
1081 1972 1181 2005 virtus
1208 1971 1316 2002 divina

963 2021 1043 2060 Ejus
1068 2019 1194 2051 sanavit
1216 2018 1385 2060 medicina,

963 2068 1047 2100 Nam
1072 2068 1138 2107 ejus
1163 2065 1371 2097 medicamine

964 2116 1026 2148 Est
1046 2114 1109 2146 luci
1137 2113 1228 2144 datus
1253 2112 1362 2144 libere.

908 2214 915 2223 .
934 2218 940 2225 .
965 2192 1067 2231 Hujus
1092 2189 1209 2223 Tobias
1234 2188 1381 2228 suffragio

965 2240 1103 2273 Uxorem
1130 2237 1220 2269 duxit
1242 2236 1395 2276 tripudio,

966 2286 1142 2319 Munimine
1166 2284 1318 2324 angelico,

966 2335 1086 2374 Legum
1108 2332 1189 2372 juris
1213 2331 1316 2365 titulo.
