1651 2588
638 168 684 199 29.

329 240 375 272 In
408 239 439 272 1.
470 237 683 279 vesperis,

387 304 433 332 Aa
450 303 628 339 Magnifieat.

200 355 239 386 A.
268 351 379 386 Gaude
404 360 473 383 cum
496 350 625 392 paradi-

215 1614 252 1647 V.

320 400 437 437 sicoliS,
461 399 549 439 regio

274 447 381 487 Sacra,
409 444 537 485 Georgii

316 501 451 526 vernans
476 490 638 532 martyrio,

277 539 372 580 GuJus
398 539 531 571 ecclesia

321 586 447 619 firmata
470 585 605 616 transitu

275 633 378 665 Deum
401 631 581 671 magnificat

324 680 483 711 exsultans
507 678 632 718 spiritu,

341 774 402 805 Ad
426 772 693 804 Matutinum.

411 836 625 864 Invitatorium.

278 885 404 917 Summo
427 885 494 925 regi
520 891 640 915 summa
662 881 757 913 laude

279 932 463 971 Jubilando,
489 932 549 971 vir,
574 929 745 970 applaude,

281 979 336 1011 Cui
354 979 486 1011 servivit
509 986 566 1017 spe
590 983 723 1008 coronae

281 1026 399 1058 Christi
424 1025 514 1056 miles
537 1025 571 1055 in
596 1030 704 1062 agone.

369 1119 417 1151 In
442 1117 671 1148 Nocturno.

423 1181 627 1216 Responsoria.

247 1265 255 1273 .
282 1241 399 1273 Caesar
422 1242 512 1270 aestu

328 1286 444 1318 furoris
468 1286 558 1325 impii

284 1333 478 1366 Constitutus

330 1380 435 1412 verbis
461 1378 589 1418 Georgii

285 1426 403 1459 Christi
427 1428 540 1457 testem

331 1474 386 1505 dat
411 1471 608 1504 carnificibus

286 1519 497 1553 Cruciandum

334 1567 421 1599 duris
446 1565 649 1605 verberibus;

282 1614 398 1646 Caesus
422 1620 534 1652 preces

334 1663 365 1691 et
388 1661 462 1692 vota
485 1659 621 1698 porrigit

287 1707 389 1738 Deum
412 1705 556 1744 laudans,

334 1753 387 1793 qui
411 1760 483 1784 suos
509 1751 621 1791 diligit.

255 1833 262 1841 .
290 1809 405 1841 Caesar
430 1816 535 1840 casum

336 1856 444 1888 dolens
468 1853 626 1894 Apollinis

288 1904 326 1935 In
350 1901 524 1935 ferventem

332 1951 434 1989 picem
458 1948 626 1988 sartaginis

290 1996 438 2029 Balneari

331 2044 428 2083 jussit
452 2041 629 2082 Georgium,

291 2091 353 2123 Sed
379 2099 441 2122 non
465 2089 562 2121 sentit

337 2138 418 2177 picis
442 2136 621 2168 incendium

223 2184 261 2217 V.
288 2184 381 2216 Mens
406 2185 552 2222 speratae

338 2230 448 2262 salutis
473 2231 608 2271 conscia,

293 2278 379 2317 Quae
400 2278 558 2318 pressuris

340 2334 403 2357 non
426 2327 496 2356 erat
518 2325 624 2357 anxia.

736 98 781 104 .-
830 75 969 111 84--

724 167 767 198 De
786 166 893 197 sancto
914 162 1054 203 Georgia.

892 235 921 268 3.
948 235 1174 266 Praesentatur

995 280 1044 311 vir
1070 283 1196 312 sanctus
1222 275 1362 315 Caesari,

950 326 1009 366 Qui
1033 326 1248 366 contemplans

996 374 1087 405 vultu
1108 383 1173 406 non
1195 371 1292 404 hilari

950 419 1047 452 Minis
1071 422 1177 453 movet

999 468 1093 506 atque
1117 465 1292 504 blanditiis,

953 512 997 546 Ut
1020 513 1061 544 ab
1087 514 1154 553 eJ'us

999 562 1103 591 cesset
1124 558 1267 599 injlirii53

913 631 920 639 .
951 606 1024 638 Jam
1047 614 1176 638 securus

999 655 1123 693 martyr
1148 653 1189 686 de
1211 651 1322 684 bravio

954 700 1067 753 Spreto
1092 700 1219 754 gaudet·

999 755 1084 787 regis
1107 755 1254 787 imperio,

1050 869 1065 901 I
1074 878 1096 900 n
1120 868 1148 901 L
1157 876 1176 900 a
1183 876 1205 898 u
1217 867 1237 899 d
1246 867 1258 898 i
1267 866 1287 898 b
1297 876 1318 898 u
1326 876 1352 900 S.

1097 941 1292 976 Antiphonae.

924 1024 932 1033 .
958 1000 1157 1040 Regnatoris,

1004 1047 1057 1086 qui
1078 1047 1163 1086 ⁸iuste
1185 1046 1318 1084 judicat,

956 1093 1051 1126 Miles
1075 1093 1168 1125 fortis

1004 1141 1152 1172 virtutem
1176 1139 1351 1179 praedicat,

958 1188 1025 1226 Qua
1048 1186 1248 1226 praecinctus

1006 1234 1116 1273 dignas
1142 1242 1180 1265 ex
1203 1233 1321 1266 intimo*

957 1280 1084 1312 Laudes
1109 1290 1163 1313 ore

1005 1328 1100 1359 solvit
1124 1331 1155 1359 et
1179 1327 1294 1359 animo.

925 1416 934 1425 .
960 1392 1055 1425 Plebs
1079 1393 1237 1425 adsistens

1005 1439 1078 1471 huic
1102 1440 1282 1480 spectaculo

959 1486 1157 1518 Jueundatur

1008 1533 1076 1565 viso
1100 1534 1254 1566 miraculo

962 1579 1005 1611 Et,
1029 1583 1208 1621 contempto

1008 1627 1083 1658 solis
1108 1627 1276 1659 simulacro

961 1673 1057 1705 Sacro
1082 1674 1183 1715 mergi

1008 1729 1043 1752 se
1065 1722 1147 1761 petit
1168 1721 1305 1754 lavacro.

929 1810 936 1819 .
963 1787 1044 1826 Quos
1069 1787 1210 1828 suscepit

1011 1834 1118 1866 divina
1144 1836 1274 1867 dextera

965 1879 1155 1913 Confitentes

1012 1928 1120 1968 culpas
1145 1932 1177 1960 et
1200 1930 1333 1969 scelera,

964 1974 1036 2007 Jam
1059 1978 1189 2016 torpore

1010 2023 1112 2061 sopito
1139 2023 1303 2056 criminum

965 2068 1066 2101 Puras
1088 2070 1198 2104 levant

1012 2125 1122 2149 manus
1146 2118 1188 2150 ad
1213 2117 1389 2150 Dominum¹

933 2207 941 2214 .
967 2182 1099 2214 Sanctus
1123 2186 1245 2223 martyr

1011 2237 1154 2264 reversos
1177 2231 1307 2263 instruit

968 2274 1013 2307 Et
1035 2275 1206 2309 instructos

1016 2322 1173 2363 baptismo
1198 2324 1309 2365 abluit,
