1650 2587
631 115 889 149 ——110—

113 210 149 244 V.
181 209 281 242 Laeta
307 211 363 242 dat
387 212 419 241 et
441 209 519 250 ipsis

230 260 378 289 aeternae
401 257 500 289 verba
523 256 643 288 salutis.

125 316 155 348 2.
182 314 302 346 Norma
325 313 387 345 fuit
411 313 530 344 cunctis

227 361 313 393 vitae
336 360 591 401 sanctimonialis,

183 408 267 440 Diva
292 407 476 439 columbinis

230 455 328 486 oculis
351 454 440 486 videt
464 462 502 485 ac
525 452 682 495 aquilinis,

111 501 150 534 V.
175 501 302 533 Ducens
327 501 499 541 angelicam

228 548 355 580 mortali
381 555 513 587 corpore
535 546 643 580 vitam.

124 606 156 637 3.
181 606 327 644 Protege,
354 611 505 635 conserva

228 660 287 683 nos
309 659 444 690 semper,
471 650 561 689 virgo
586 649 689 689 beata,

183 699 281 737 Quam
307 697 462 729 celebrem
486 697 553 728 vita

228 744 358 785 faciunt,
371 753 466 785 mors,
480 744 618 783 plurima
629 744 729 784 signa,

111 792 148 825 V.
177 792 322 824 Laudum
348 791 495 830 carmina,
522 799 601 831 quae

230 839 366 871 canimus
379 847 471 881 nunc,
485 838 549 869 sint
561 838 621 870 tibi
629 840 729 878 grata.

274 934 318 965 ln
343 932 575 964 Laudibus.

321 997 514 1033 Antiphonae.

124 1056 155 1088 1.
180 1055 280 1086 Beata
304 1055 392 1094 virgo
416 1053 598 1093 Landrada,

229 1101 286 1133 Oui
310 1109 439 1140 regnum
463 1100 572 1131 mundi
596 1099 698 1142 viluit,

181 1148 253 1180 Non
278 1156 397 1188 aurum,
422 1155 485 1178 non
510 1146 649 1185 monilia,

228 1194 291 1226 Sed
313 1194 471 1226 Christum
494 1202 599 1233 regem
615 1193 727 1226 induit.

126 1253 156 1283 2.
181 1251 249 1282 Deo
274 1250 393 1282 servire
418 1250 540 1281 studuit

229 1297 309 1329 Toto
333 1297 446 1328 mentis
470 1297 606 1339 ingenio,

184 1344 242 1382 Qui
266 1344 327 1375 sibi
351 1344 435 1375 solus
459 1343 580 1382 placuit

226 1391 383 1430 Amatque
409 1390 504 1422 corde
527 1389 661 1423 fervido.

127 1449 156 1480 3.
181 1446 311 1486 Semper
335 1446 377 1478 ad
401 1446 502 1477 Deum
527 1447 647 1489 vigilat,

184 1493 239 1525 Cui
261 1496 326 1525 toto
352 1494 447 1525 corde
468 1493 594 1533 jubilat,

227 1541 271 1572 Et
294 1549 352 1580 per
372 1540 471 1579 ipsius
496 1540 635 1580 genitum

228 1587 333 1618 Vitam
360 1587 451 1618 duxit
474 1587 656 1626 angelicam.

801 210 831 241 4.
858 209 947 240 Haec
971 208 1132 241 benedicit
1154 207 1332 248 Dominum,

907 256 966 294 Qui
983 258 1123 295 pontum,
1149 256 1254 294 tellus,
1280 254 1410 285 aethera

856 303 901 334 Et
924 311 1004 342 quae
1026 303 1060 334 in
1082 303 1147 334 illis
1172 302 1325 341 resident,

906 349 969 381 Sua
992 352 1079 381 creat
1101 348 1254 389 potentia.

824 430 832 438 .
859 406 971 449 Corde,
998 414 1076 438 voce
1101 409 1133 437 et
1157 413 1253 445 opere

902 453 1021 493 Regem
1044 452 1188 485 laudavit
1212 451 1363 483 coelicum

860 499 1001 539 Ejusque
1024 499 1103 531 vicit
1125 507 1254 530 munere

904 546 1077 587 Mundum,
1105 555 1248 586 carnem,
1275 545 1400 577 daemo-

1200 602 1296 625 mum.

970 676 1016 704 Ad
1035 676 1218 704 Benedictus.

822 760 829 767 .
856 735 881 767 O
907 734 1044 766 vernalis
1068 732 1136 774 flos,
1162 734 1254 775 oliva,

857 782 990 813 Pietatis
1014 781 1108 813 radix
1131 782 1213 824 viva,

903 830 993 861 luter
1016 829 1124 868 spinas
1148 828 1259 868 lilium,

855 877 1048 908 Permanens
1073 875 1104 907 in
1130 884 1207 908 vera
1230 876 1295 908 vite

857 924 959 955 Verus
983 923 1113 965 palmes,
1138 922 1191 954 via
1215 923 1308 963 vitae,

905 969 1036 1009 Suscipe
1056 968 1197 1001 fidelium

856 1017 915 1049 Pia
937 1019 1020 1056 vota,
1049 1017 1118 1056 duc,
1144 1018 1233 1047 tuere

858 1063 1060 1102 Patm'amque
1082 1063 1246 1102 possidere

901 1110 952 1141 Da
975 1112 1049 1149 post
1071 1110 1131 1141 hoc
1156 1110 1310 1143 exsilium.

918 1231 964 1263 In
991 1233 1021 1263 2.
1047 1231 1262 1271 Vesperis.

977 1296 1023 1323 Ad
1040 1295 1204 1332 Magnficat.

786 1354 825 1387 A.
852 1352 947 1393 Virgo
974 1353 1074 1385 dulcis
1099 1356 1131 1384 et
1153 1353 1299 1393 benigna,

856 1399 967 1431 Laude
992 1403 1024 1431 et
1047 1401 1166 1432 honore
1191 1400 1295 1439 digna,

902 1447 978 1478 Tuis
1003 1448 1120 1478 sanctis
1145 1447 1293 1487 precibus

858 1493 984 1525 Cunctis
1008 1503 1124 1534 purges
1148 1503 1168 1526 a
1191 1494 1340 1534 peccatis,

858 1540 924 1571 Nos
949 1539 1001 1571 fac
1023 1541 1091 1572 Deo
1117 1549 1185 1572 cum
1210 1541 1310 1573 beatis

905 1586 1032 1618 Perfrui
1057 1587 1233 1627 spiritibus,

207 1652 290 1678 Brev.
311 1659 361 1678 ms.
384 1650 413 1677 S.
433 1650 630 1677 Walcletruclis
650 1651 780 1677 Monten.
800 1658 874 1677 saec,
897 1648 940 1677 15.
962 1650 1030 1678 Cod.
1050 1652 1179 1679 Duaeen.
1202 1651 1265 1680 164.

565 1749 608 1780 41.
647 1750 690 1780 De
710 1750 816 1781 sancto
832 1750 944 1782 Laudo.

244 1848 288 1880 In
317 1848 347 1880 1.
372 1847 588 1887 Vesperis.

325 1921 517 1957 Antiphonae.

125 1990 154 2022 1.
179 1990 217 2022 In
239 1989 365 2021 laudem
391 1988 509 2021 Christi

227 2039 375 2068 resonent
397 2035 567 2076 praeconia
589 2035 691 2068 Laudi

182 2083 276 2123 Cujus
303 2083 396 2122 digna
419 2081 481 2114 fuit

226 2130 321 2162 laude
345 2129 479 2169 probata
501 2128 592 2162 fides.

124 2216 156 2247 2.
180 2213 244 2246 Hic
267 2214 383 2245 teneris
409 2214 498 2245 annis

228 2260 349 2300 apicem
373 2261 502 2293 sortitus
525 2260 652 2292 honoris

179 2307 322 2341 Moribus
348 2308 502 2348 expressit

226 2355 381 2395 praesulis
406 2353 554 2388 officium.

800 1821 831 1852 3.
857 1822 894 1853 In
918 1820 1129 1860 subjectorum

904 1867 1039 1900 clemens
1065 1870 1243 1902 excessibus
1267 1871 1352 1903 ultor

855 1914 985 1954 Virgam
1006 1916 1144 1955 pastoris

897 1959 986 1993 flexit
1010 1972 1116 1995 amore
1139 1965 1251 2004 patris.

794 2018 827 2049 4.
853 2017 1024 2058 Multiplici
1050 2020 1154 2052 clarus

898 2066 1080 2098 meritorum
1107 2068 1181 2100 dote
1207 2070 1356 2102 sacerdos

851 2112 1008 2152 Acceptas
1033 2113 1161 2146 Domini

898 2159 1121 2200 multiplicavit
1145 2171 1231 2202 opes,

795 2216 825 2247 5.
852 2215 984 2254 Majoris
1008 2226 1120 2249 nomen

896 2260 989 2294 factis
1011 2265 1183 2304 maioribus
1208 2266 1342 2305 implens

852 2309 890 2341 In
916 2311 1034 2342 cunctis
1058 2313 1187 2351 praesul

898 2358 1044 2395 praesule
1068 2359 1179 2399 dignus
1204 2363 1282 2391 erat.
