1651 2588
714 126 969 166 *134*

350 229 396 260 In
418 226 446 261 L
456 238 476 260 a
487 237 508 259 u
521 224 590 259 dib
600 235 655 260 us.

399 293 593 328 Antiphonae.

205 343 237 375 1.
262 341 443 381 Martyrum
467 340 603 379 quinque
623 339 712 370 milia

189 1377 229 1409 A.

262 388 429 419 Patiuntur
453 386 610 426 supplicia

258 435 321 467 Pro
349 433 473 465 Christo
497 433 531 463 in
554 432 706 464 Armenia

259 481 337 513 Cum
360 480 538 520 Margarita
562 478 656 513 socia.

258 536 302 568 Hi
328 535 446 568 Christi
470 543 528 575 per
549 534 711 573 miracula,

259 583 343 622 Quae
367 582 516 614 viderunt
538 581 572 611 in
598 579 727 620 famula,

257 628 419 661 Exhibent
443 628 540 660 corda
565 627 693 659 credula

261 677 380 709 Cuncta
403 674 526 714 regenti
550 675 686 706 saecula.

259 731 405 763 Malchus
431 730 602 762 extendens
627 729 808 763 brachium:

262 778 403 817 Suscipe,
428 777 540 819 inquit,
564 776 711 817 gladium,

261 824 419 857 Christum
446 824 530 855 circa
552 826 585 854 te
608 824 700 856 video

259 871 483 903 Ambulantem
508 873 540 901 et
563 870 667 902 timeo.

259 927 294 959 Si
319 926 486 966 Christum,
510 925 621 965 frater,
647 927 796 968 adspicis,

258 974 359 1006 Parce
383 982 505 1013 parum,
532 972 615 1012 quod
640 973 761 1014 objicis,

258 1022 305 1054 Ut
328 1020 447 1060 possim
473 1021 501 1051 ei
525 1018 659 1051 fundere

258 1069 372 1100 Preces
393 1070 529 1106 votaque
552 1066 697 1099 reddere.

226 1147 233 1154 .
261 1121 412 1155 Carnifex
430 1123 479 1154 illi
501 1122 612 1153 adnuit

260 1170 369 1209 Orare,
396 1171 546 1209 quantum
569 1165 678 1211 voluit,

260 1217 305 1249 Et
327 1216 383 1247 illa
407 1215 510 1248 Deum
533 1215 681 1255 precibus

260 1262 414 1296 Pulsabat
437 1265 531 1302 atque
552 1262 710 1295 laudibus,

370 1326 416 1354 Ad
438 1326 620 1354 Benedictus.

260 1375 356 1414 Virgo
381 1374 498 1407 Christi
522 1374 708 1414 Margarita,

309 1422 404 1461 digna
428 1421 509 1454 coeli
532 1420 627 1460 curia,

939 225 1025 263 Quae
1046 223 1183 264 refulges
1209 219 1354 256 castitate

985 272 1019 302 in
1046 279 1160 303 corona
1183 270 1281 310 regia,

939 318 1003 350 Ora
1027 326 1185 356 sponsum,
1211 317 1437 356 supplicamus,

986 373 1043 403 pro
1067 367 1176 396 nostra
1200 363 1338 402 miseria,

938 411 983 443 Ut
1008 411 1156 450 dignetur
1179 410 1396 449 poenitentum

987 458 1096 489 delere
1118 456 1249 497 flagitia.

1004 587 1048 619 In
1074 590 1106 620 2.
1131 587 1240 626 Vesp
1253 587 1349 621 eris,

1047 660 1141 697 Super
1160 660 1304 688 Psalmos.

899 755 906 762 .
936 728 1114 768 Margarita
1136 726 1346 768 praefulgida,

937 776 975 807 In
1001 774 1131 807 caritate
1154 773 1289 815 fervida,

938 822 1001 854 Sed
1028 822 1177 861 passione
1200 821 1317 862 valida,

983 868 1147 907 olybrium
1171 868 1286 909 vicisti,

937 916 986 947 Tu
1006 924 1063 947 nos
1088 925 1108 947 a
1131 917 1233 947 morte
1256 915 1387 946 turbida

937 963 1007 994 Tua
1029 971 1125 1001 prece
1148 960 1276 994 vivifica

982 1007 1138 1049 Defende,
1164 1017 1281 1048 sponsa
1306 1008 1434 1041 Christi.

1057 1111 1104 1138 Ad
1121 1109 1299 1145 Mag-nificat.

938 1186 1060 1226 Gaude,
1086 1186 1180 1218 turba
1204 1195 1421 1226 supernorum,

983 1233 1024 1265 ad
1049 1242 1181 1273 quorum
1206 1234 1366 1266 consortia.

936 1280 1114 1318 Martyrum
1137 1280 1356 1319 ingrediuntur

987 1335 1080 1359 sacra
1103 1327 1240 1366 quinque
1263 1327 1360 1369 milia,

943 1373 1020 1406 Cum
1039 1373 1134 1405 beata
1153 1373 1332 1413 Margarita

987 1420 1099 1452 sociati
1122 1420 1234 1460 gratia.

264 1487 349 1513 Brev.
375 1494 432 1513 ms.
451 1486 562 1512 Diense
582 1492 658 1512 saec.
680 1483 724 1512 15,
751 1484 819 1512 Cod.
840 1484 1102 1519 Gratianopolitan.
1124 1482 1187 1512 134.
1205 1484 1241 1511 A.
1268 1498 1306 1504 ——
1329 1486 1415 1511 BreV.
1435 1493 1488 1511 ms.

188 1523 493 1590 Kallgln‘ttzsslgeinnseBsaec.
515 1520 558 1549 15.
574 1521 642 1549 Cod.
656 1523 822 1550 Atrebaten.
844 1521 918 1550 1142
936 1520 1019 1557 (552).
1033 1521 1067 1549 B.
1087 1537 1124 1541 —
1142 1522 1179 1549 In
1199 1520 1224 1548 1.
1237 1521 1324 1558 Vesp.
1339 1522 1377 1549 ad
1388 1522 1487 1557 Magn.

451 1597 636 1626 Gratulemur
656 1600 685 1624 et
702 1598 843 1624 laetemur
863 1606 927 1624 cum
946 1604 1057 1624 summo
1077 1596 1214 1631 tripudio,

451 1636 612 1663 Innovatur
631 1635 809 1670 Margaritae
827 1634 932 1662 festum
952 1637 1038 1669 atque
1059 1635 1168 1669 passio,

453 1673 510 1700 Per
529 1679 616 1708 quam
635 1673 736 1707 sponsi
753 1672 812 1698 frui
833 1671 940 1698 Christi
959 1671 1066 1698 meruit
1084 1672 1240 1698 consortio.

190 1711 225 1738 In
247 1709 271 1737 1.
292 1710 375 1737 Noct.
395 1707 418 1736 Α
438 1708 464 1743 3,
484 1707 502 1737 3
522 1718 554 1736 se
572 1710 635 1736 toto
654 1709 740 1736 corde
757 1709 792 1736 A.
821 1722 858 1727 -—
880 1707 902 1735 Α
923 1709 949 1742 3,
969 1707 990 1735 4
1007 1708 1128 1736 Domini
1147 1708 1315 1744 suppeditat
1332 1709 1367 1735 A.
1395 1723 1433 1728 —
1451 1710 1487 1737 In

190 1746 216 1774 2.
236 1748 319 1775 Noct.
342 1745 362 1772 Β
385 1745 409 1779 1,
430 1746 447 1774 5
469 1746 622 1780 Christum,
644 1748 746 1782 inquit,
771 1746 858 1773 adoro
876 1746 941 1779 AB,
969 1745 1056 1772 adoro
1078 1746 1223 1773 coelorum
1243 1746 1277 1773 A.
1306 1761 1344 1766 —-
1372 1744 1392 1772 R
1413 1744 1444 1780 3,
1471 1745 1487 1773 1

191 1786 318 1812 Minavit
338 1792 402 1811 eam
421 1785 456 1812 A.
475 1799 514 1804 —
532 1784 568 1811 In
587 1781 613 1810 3.
635 1784 718 1812 Νοαίς.
742 1781 761 1809 R
784 1781 808 1817 1,
828 1783 848 1811 4
867 1784 965 1811 subire
983 1783 1017 1810 B.
1037 1797 1074 1802 -—-
1096 1781 1116 1809 R
1139 1781 1163 1816 1,
1184 1782 1201 1810 6
1221 1784 1278 1811 sibi
1297 1787 1331 1811 ut
1344 1785 1487 1812 Dominus

191 1823 225 1856 A,
245 1825 280 1849 ut
302 1823 359 1849 sibi
378 1822 522 1850 Dominus
542 1822 575 1849 Β.
595 1836 631 1841 ——
652 1822 689 1849 In
707 1821 799 1848 Laud.
821 1819 844 1848 Α
866 1820 889 1856 1,
911 1819 929 1848 3
953 1829 996 1856 sq.
1016 1820 1114 1849 fehlen
1131 1822 1166 1848 A.

613 1912 659 1943 50.
698 1912 741 1943 De
762 1914 872 1943 sancta
891 1912 1080 1952 margareta.

323 2001 370 2033 In
396 2001 427 2035 1.
453 2000 676 2039 Vesperis.

405 2084 598 2120 Antiphonae.

209 2152 239 2184 1.
266 2151 382 2184 Sancta
405 2151 592 2191 Margarita,

261 2198 380 2238 Dispar
403 2199 489 2239 patri
513 2199 588 2239 vita,

261 2246 354 2278 Idola
377 2245 548 2284 spernebat

264 2292 484 2333 Christumque
505 2291 640 2325 colebat.

204 2370 236 2401 2.
262 2368 351 2401 Haec
377 2367 451 2399 dnm
475 2369 558 2399 esset
581 2368 688 2406 puella

261 2416 352 2450 Vana
377 2414 565 2454 contempsit
587 2415 700 2454 saecla,

937 1981 982 2013 Et
1007 1989 1116 2014 verum
1139 1991 1289 2021 sponsum
1311 1984 1408 2024 elegit

937 2028 1051 2071 Deum,
1077 2037 1169 2070 quem
1195 2030 1291 2062 corde
1317 2031 1439 2064 dilexit.

903 2107 910 2113 .
935 2080 1113 2120 Margarita
1136 2082 1291 2125 speciosa,

938 2127 1027 2159 Patri
1055 2127 1118 2162 fuit,
1142 2129 1262 2169 odiosa,

935 2173 1019 2205 Nam
1043 2175 1198 2207 adhaeret
1222 2184 1295 2208 vero
1321 2176 1401 2216 Deo,

936 2220 1000 2252 Sed
1026 2221 1143 2255 dilecta
1168 2225 1216 2254 est.
1239 2222 1279 2255 ab
1306 2232 1354 2256 eo.

902 2295 909 2302 .
935 2272 1072 2311 Repleta
1095 2277 1205 2306 sancto
1229 2272 1366 2317 flamine,

935 2319 1058 2351 Munda
1080 2321 1238 2353 mundano
1265 2322 1406 2362 erimine,

934 2366 975 2398 Se
1000 2368 1098 2399 totam
1120 2368 1190 2400 Deo
1214 2368 1337 2410 tribuit,

933 2414 964 2445 A
988 2422 1048 2453 quo
1073 2416 1208 2447 salutem
1231 2415 1353 2450 habuit.
