1650 2587
728 133 984 170 —197—

334 227 384 260 In
411 230 442 262 3.
469 228 698 263 Nocturno.

417 312 614 348 Antiphonae.

218 377 248 411 1.
273 379 303 409 A
328 387 438 410 sorore
462 388 519 411 sua
545 380 656 412 ductus

277 424 395 457 Contra
418 427 523 467 magni
547 428 643 459 maris
667 426 780 460 fluctus

274 472 375 504 Flexo
402 482 482 513 genu
506 483 617 513 preces
643 473 726 506 fudit

274 519 319 551 Et
346 520 386 552 de
410 521 476 552 salo
502 522 603 553 solum
622 520 708 554 fecit.

240 610 247 616 .
275 585 414 625 Navigat
429 586 505 618 inde
517 587 633 619 Paulus
650 588 692 619 ad
709 588 828 628 Ossam,

275 632 321 664 Ut
345 632 540 665 Leonensem
564 635 668 666 visere
691 637 809 666 terram

274 679 388 711 Posset
419 681 459 712 ab
492 681 562 720 ipso
588 682 827 714 nobilitandam.

216 766 248 777 ..
275 745 300 777 O
326 754 418 785 quam
444 746 537 778 beata
560 748 676 787 patria,

275 791 370 832 Cujus
396 794 500 832 replet
522 795 650 825 novalia

273 839 384 871 Farris
410 849 549 880 superna
573 842 675 881 gratia

269 886 431 918 Tradente
454 887 553 919 Paulo
577 889 707 921 semina.

407 998 614 1034 Responsoria.

237 1101 243 1106 .
270 1075 393 1115 Anguis
418 1075 573 1106 terribilis

315 1122 459 1160 jumenta
483 1122 630 1162 virosque
654 1122 794 1154 vorantis

272 1168 363 1201 Colla
387 1169 469 1200 stola
495 1169 594 1200 cinxit

317 1216 505 1255 solvensque
522 1216 579 1247 sub
593 1224 729 1255 aequore
741 1224 824 1247 mer-

598 1263 650 1302 sit,

232 1335 239 1342 .
271 1309 369 1348 Quem
393 1309 484 1349 plebs
509 1310 670 1351 horrebat,

320 1365 412 1396 quem
436 1356 527 1387 miles
552 1357 643 1388 adire
665 1357 807 1390 timebat.

235 1448 242 1454 .
269 1423 322 1454 Ad
338 1423 472 1462 gradum
488 1423 616 1454 tandem
628 1423 824 1462 pretiosioris

274 1469 403 1502 Ordinis
430 1470 541 1501 ductus
562 1468 728 1501 fruebatur
745 1471 824 1502 escis

271 1517 405 1558 Vilibus,
416 1523 557 1548 mactans
567 1517 703 1548 statione
710 1525 824 1556 corpus

316 1564 515 1597 Continuata.

1046 233 1062 265 I
1072 242 1092 263 n
1116 233 1144 266 L
1153 243 1200 265 au
1212 234 1233 266 d
1241 235 1252 265 i
1261 234 1281 265 b
1292 243 1346 266 us.

1102 280 1295 316 Antiphonae.

905 322 933 354 1.
960 321 1071 354 Laude
1097 323 1243 354 continua

881 1376 920 1408 A.

1003 368 1105 400 Deum
1129 378 1356 409 prosequamur

954 416 998 447 Et
1020 416 1163 448 inclitum
1187 417 1365 456 praesulem

1003 463 1253 501 Legionensium.

924 533 931 540 .
957 510 1016 548 Qui
1040 518 1099 548 pro
1124 511 1226 542 salute

1002 556 1209 595 plurimorum
1233 557 1362 589 turbida

958 602 999 634 Se
1023 605 1256 643 parvipendens

1003 650 1223 683 transfretavit
1241 660 1386 691 aequora.

923 728 929 734 .
954 701 1037 732 Dum
1061 702 1206 734 visitaret
1229 703 1364 734 insulam

954 746 1048 779 Fecit
1071 750 1204 781 salutem
1229 751 1407 791 maximam,

955 795 1064 827 Caecis
1089 795 1249 828 lucernam
1273 796 1448 838 proferens,

953 842 1140 883 Elinguibus
1162 842 1352 876 facundiam.

918 922 926 930 .
953 898 1035 929 Aliis
1054 907 1184 939 quoque,
1211 909 1287 939 quos
1311 901 1469 940 paralysis

953 944 1151 984 Sepeliverat
1173 947 1207 977 in
1231 947 1344 978 scrobe
1368 947 1483 987 carnis,

952 991 1051 1022 Dedit
1074 992 1198 1033 integra
1224 993 1307 1025 dona
1330 994 1452 1026 salutis.

920 1072 927 1078 .
953 1046 1013 1078 His
1038 1049 1173 1086 patratis
1198 1050 1289 1088 parvi
1315 1051 1398 1081 ruris

998 1094 1175 1132 portionem

952 1140 1082 1171 Transit
1101 1145 1228 1173 sanctus
1253 1145 1448 1182 pugnaturus

999 1196 1069 1218 cum
1095 1189 1240 1231 dracone,

953 1235 1050 1272 Quem
1076 1234 1225 1267 demersit
1249 1235 1386 1267 liberata

998 1281 1133 1321 regione.

1068 1336 1113 1364 Ad
1133 1337 1315 1365 Benedictus.

950 1376 1129 1408 Praesentis
1154 1379 1246 1415 pater
1270 1377 1396 1408 inclitus

951 1422 1065 1454 Mundi
1091 1423 1130 1456 de
1156 1432 1251 1455 cavea

998 1469 1080 1501 liber
1105 1470 1147 1502 ad
1170 1471 1300 1501 aethera

953 1517 1067 1549 Paules
1092 1517 1217 1556 transit,

952 1563 1016 1596 Ubi
1040 1563 1217 1603 perfruitur

196 1612 234 1644 V.
266 1612 343 1643 Post
369 1611 437 1643 dies
458 1611 549 1643 binos
567 1611 754 1643 comedebat
770 1613 824 1642 aut

596 1661 661 1689 tres

320 1706 397 1738 Cum
422 1706 490 1737 sale
514 1713 622 1745 panes.

998 1614 1131 1650 perpete
1155 1611 1265 1651 gloria.

1025 1673 1071 1704 In
1097 1675 1128 1706 2.
1153 1673 1358 1712 Vesperis.

1068 1727 1115 1755 Ad
1135 1727 1314 1763 Magnificat.

950 1771 975 1802 Ο
1000 1771 1124 1810 patriae
1148 1774 1250 1814 pater,
1276 1772 1456 1804 omnimoda

1000 1818 1182 1858 dignissime
1206 1819 1312 1858 laude⁷

951 1866 975 1897 O
1002 1864 1128 1897 famulis
1153 1867 1253 1897 tutela
1277 1867 1340 1898 tuis

996 1913 1172 1956 mitissima,
1199 1914 1307 1953 Paule,

950 1961 1017 1999 Qua
1042 1961 1170 2002 renites,
1204 1961 1265 1991 tibi
1289 1961 1395 2000 pande
1418 1960 1503 1993 fores

998 2006 1222 2039 famulantibus
1247 2008 1348 2041 aulae.

207 1775 239 1806 3.
268 1771 440 1812 Completis
478 1773 601 1803 centum
631 1770 822 1803 venerabilis
878 1771 918 1805 A.

310 1820 502 1851 architectus
526 1819 616 1850 annis

265 1867 363 1908 Virgo
381 1867 489 1906 polum
501 1866 627 1898 scandit
642 1866 822 1898 diademate

312 1914 449 1946 candido
474 1912 636 1953 refulgens

192 1963 231 1995 V.
262 1962 349 1995 Ecce
360 1970 458 1993 senex
467 1961 583 1993 Paulus
600 1960 822 1992 comitantibus

314 2009 435 2049 angelis
460 2008 671 2048 triumphans.

269 2076 354 2103 Brev.
376 2074 529 2101 Leonense
548 2074 617 2108 imp.
635 2072 758 2099 Parisiis
782 2070 862 2099 1516.
883 2087 920 2091 -
939 2072 975 2099 In
998 2069 1022 2098 1.
1036 2072 1120 2099 Noct.
1142 2070 1165 2098 Α
1186 2070 1213 2105 2,
1234 2069 1251 2099 3
1272 2073 1304 2098 in
1324 2072 1502 2101 doctoribus.

191 2130 231 2135 —
249 2114 286 2141 In
299 2111 325 2140 2.
341 2112 425 2139 Noct.
440 2109 463 2137 Α
479 2108 505 2146 3,
526 2109 544 2137 2
558 2111 643 2138 sevit.
664 2125 701 2129 —
721 2108 743 2136 Α
759 2108 785 2145 3,
806 2107 824 2137 3
838 2111 917 2137 senis
931 2110 1040 2145 gravis.
1107 2108 1128 2136 R
1145 2108 1169 2144 1,
1191 2107 1208 2136 6
1221 2109 1304 2137 Vidit
1316 2109 1501 2138 damniferos.

631 2202 676 2233 75.
718 2202 761 2233 De
775 2203 885 2233 sancta
904 2201 1070 2242 Perpetua.

952 2262 1094 2301 Quadam
1119 2265 1213 2295 nocte
1236 2263 1342 2303 palam

1000 2312 1031 2341 et
1054 2312 1160 2342 mente
1184 2311 1354 2351 prospicua

950 2357 995 2389 Et
1018 2358 1226 2390 scandentem
1252 2359 1410 2400 Satyrum,

948 2404 1100 2445 Magnum
1125 2407 1221 2438 decus
1245 2410 1431 2448 martyrum.

337 2285 384 2317 In
411 2283 444 2318 1.
470 2282 682 2322 VesperiS.

191 2364 230 2398 R.
261 2361 355 2396 Vidit
378 2359 480 2393 Jacob
505 2359 634 2401 scalam,

312 2407 395 2442 vidit
419 2411 451 2440 et
474 2407 634 2447 Perpetua
