1650 2587
704 121 960 157 —237—

518 213 565 245 90.
604 215 648 246 De
668 222 692 246 s.
713 214 868 256 Stephano
890 215 1159 247 eraudimontano.

312 303 359 334 In
385 302 417 336 1.
441 303 470 335 V
484 311 555 342 esp
567 304 662 337 eris.

372 366 418 395 Ad
436 366 616 404 Magnificat.

216 451 222 458 .
254 423 472 456 Confessorem
499 425 657 466 egregium

253 471 435 504 Laudemus
460 476 511 512 pat
519 480 583 503 rem
602 473 805 512 Stephanum,

254 519 313 558 Qui
338 528 545 559 supernorum
572 520 685 552 civium

256 565 365 598 Stolae
387 566 522 606 adeptus
545 566 690 599 bravium

254 611 406 646 Nostrum
431 617 555 654 gratum
579 614 761 654 obsequium

253 661 364 692 Faciat
389 663 463 692 ante
487 661 666 694 Dominum.

325 756 384 788 Ad
409 755 675 788 Matutinum.

390 820 606 848 Invitatorium.

261 878 440 910 Adoremus
465 877 635 910 Dominum

306 925 406 957 Nobis
433 925 559 957 dantem
585 924 789 965 Stephanum,

260 973 436 1004 Eremitam
461 976 633 1012 strenuum,

306 1021 470 1052 Pastorem
495 1018 674 1051 mirificum.

315 1114 360 1145 In
388 1114 418 1147 1.
445 1112 675 1145 Nocturno.

402 1178 598 1214 Antiphonae.

224 1264 231 1270 .
258 1237 360 1270 Natus
384 1238 418 1269 in
442 1236 601 1268 Arvernia

257 1285 380 1318 Illustri
404 1282 555 1323 prosapia

257 1332 334 1363 Fuit
358 1333 485 1363 sanctus
512 1330 701 1371 Stephanus,

258 1378 429 1411 Confessor
453 1377 635 1410 altissimus,

222 1461 229 1468 .
255 1435 315 1466 Vir
338 1434 455 1467 nobilis
481 1433 671 1474 Stephanus,

258 1482 308 1515 De
330 1482 472 1513 Thierno
498 1480 652 1522 dominus,

257 1529 352 1562 Hunc
375 1536 475 1560 uxore
500 1527 644 1560 Candida

258 1576 377 1609 Grenm't
403 1574 595 1608 doctissima.

199 1654 209 1667 ι
224 1659 231 1666 .
257 1634 362 1667 Patris
389 1632 456 1671 ejus
481 1631 621 1672 provisio

257 1680 392 1714 Literali
415 1680 500 1711 hunc
524 1679 629 1710 studio

256 1728 407 1761 Tradidit
431 1727 471 1759 ab
496 1724 633 1758 infantia

256 1776 318 1809 Dei
342 1774 522 1816 inspirante
542 1774 655 1814 gratia.

394 1849 600 1885 Responsoria.

221 1934 229 1942 .
256 1909 361 1942 Adest
386 1907 454 1941 dies
479 1906 681 1945 laetabunda,

257 1957 295 1990 In
321 1965 384 1996 qua
408 1953 492 1987 festa
516 1954 686 1986 recolenda

258 2003 384 2043 Sponsa
408 2002 529 2034 Christi
554 2001 629 2032 colit
654 2001 791 2033 ecclesia

257 2051 338 2092 Regi
362 2059 471 2090 regum
494 2049 616 2089 regenti
641 2048 756 2084 omnia,

257 2099 317 2138 Qui
343 2096 566 2131 Grandimonti
590 2098 751 2135 pastorem

259 2146 400 2179 Primum
427 2144 517 2178 dedit
542 2142 753 2175 confessorem

257 2194 453 2234 Stephanum
480 2191 705 2225 doctissimum.

215 2269 223 2276 .
254 2242 346 2276 Illius
370 2241 468 2282 igitur

303 2290 384 2321 haec
408 2288 600 2320 unanimiter

258 2337 411 2372 Concinat
436 2336 546 2368 concio

303 2386 415 2419 laudes
441 2383 601 2416 alacriter.

874 307 905 339 2,
928 304 992 336 Hic
1017 305 1194 343 Stephanus
1215 305 1326 336 habuit

884 2037 915 2070 1.

979 352 1130 384 Milonem
1158 352 1316 384 doctorem

932 397 1090 431 Justorum
1119 399 1284 432 Calabriae

982 447 1134 478 imitando
1159 454 1288 486 morem,

934 492 1009 525 Cum
1035 501 1069 525 se
1093 493 1196 533 ipsum
1220 492 1353 525 Domino

980 539 1057 572 fecit
1080 541 1265 573 servitorem

935 588 1023 627 Papa
1049 587 1143 619 dante
1166 587 1288 619 licitum

981 635 1014 666 in
1039 634 1188 666 orationis

934 681 1172 713 Grandimontis
1196 681 1317 713 ordinis

982 731 1014 760 et
1037 727 1259 771 perfectionis3

932 776 977 808 Et
1000 777 1108 809 volens
1134 775 1222 816 sequi
1246 774 1412 807 Dominum

936 824 1063 855 Annum
1088 831 1184 863 agens
1207 822 1401 854 tricesimum

937 871 978 902 Se
1002 870 1165 903 transtulit
1187 869 1220 901 in
1246 878 1383 901 cremum

936 917 1055 949 Mureti
1080 916 1328 958 frigidissimum.

904 1009 910 1015 .
938 984 983 1016 Ut
1008 983 1207 1023 despondens
1232 982 1346 1014 annulo

983 1040 1018 1062 se
1044 1033 1129 1062 caste
1153 1031 1308 1062 victurum

937 1078 981 1109 Et
1003 1077 1099 1110 fidem
1124 1077 1312 1109 catholicam

985 1133 1109 1164 semper
1131 1127 1328 1155 servaturum

937 1171 1095 1211 Promisit,
1122 1171 1161 1203 ab
1188 1179 1292 1202 eremo

983 1228 1019 1251 se
1041 1227 1200 1258 nunquam
1224 1217 1320 1256 exire,

938 1267 1002 1299 Sed
1027 1267 1060 1298 in
1086 1274 1121 1297 eo
1143 1265 1262 1305 jugiter

984 1312 1118 1346 Domino
1142 1312 1271 1351 servire,

938 1361 984 1393 Ut
1007 1362 1080 1400 post
1104 1360 1189 1392 vitae
1212 1360 1380 1391 terminum

937 1408 1093 1439 Diurnum
1121 1406 1283 1439 denarium

984 1454 1090 1488 Possit
1116 1454 1259 1486 obtinere

937 1502 982 1534 Et
1006 1510 1074 1534 cum
1100 1500 1218 1533 sanctis
1244 1499 1388 1532 omnibus

984 1550 1021 1581 In
1046 1557 1141 1588 regno
1163 1548 1302 1589 gaudere

936 1596 1123 1637 Exemplum
1149 1596 1345 1635 humilitatis,

938 1644 1054 1677 Lilium
1081 1643 1272 1684 virginitatis

937 1691 1074 1723 Servans
1099 1691 1167 1723 sine
1191 1691 1315 1723 macula

939 1739 1000 1771 Per
1025 1739 1110 1772 vitae
1133 1738 1301 1771 curricula.

1003 1884 1050 1915 In
1074 1884 1106 1915 2.
1131 1882 1191 1914 No
1204 1884 1361 1914 cturno.

1083 1965 1277 2002 Autiphonae.

943 2036 1109 2068 Coclorum
1133 2032 1257 2073 agmine
1283 2033 1404 2074 dignus,

940 2082 1118 2122 Stephanus
1141 2081 1222 2120 pius
1249 2080 1402 2120 benignus

941 2130 1077 2169 Propter
1098 2128 1159 2159 Dei
1185 2125 1370 2160 famulatum

941 2176 1050 2217 Liquit
1075 2176 1172 2207 castri
1198 2175 1400 2209 dominatum.

942 2234 987 2266 Ut
1012 2232 1169 2266 Christum
1195 2231 1397 2265 lucrifaceret

942 2282 988 2314 Et
1008 2281 1144 2313 liberum
1170 2288 1204 2312 sc
1227 2280 1389 2321 redderet,

941 2327 1100 2361 Adhaesit
1122 2325 1286 2360 solitudini

942 2376 1124 2409 Tumultum
1150 2375 1253 2408 vitans
1278 2376 1406 2409 saeculi.
