1650 2587
156 778 187 810 1.

661 114 917 149 —170-

278 213 339 245 Ad
363 211 629 244 Matutinum.

346 287 558 314 Invitatorium.

214 356 317 389 Corde
340 354 455 385 mundo
479 352 669 384 laetabundo

260 402 383 434 Christo
409 401 516 432 demus
541 398 719 438 praeconia,

210 449 306 487 Cujus
330 448 410 479 dono
435 448 509 478 sunt
525 445 665 477 Mellono

259 495 381 527 Collata
405 493 485 525 coeli
509 492 634 533 gaudia.

271 635 315 666 In
341 634 371 668 1.
397 633 454 665 No
465 635 586 664 cturn
597 641 626 665 0.

347 708 540 743 Antiphcnae.

212 777 328 808 Beatus
353 775 412 814 vir,

255 822 413 854 Mellonus
438 820 590 862 pontifex,

208 870 279 901 Non
302 868 410 900 infima

256 919 348 947 natus
373 924 412 946 ex
435 914 552 955 sobole,

209 963 409 995 Praeelectus

257 1019 277 1041 a
299 1009 367 1041 Deo
393 1007 539 1044 famulus!

213 1056 297 1089 Civis
322 1055 381 1087 fuit

256 1103 344 1134 urbis
368 1102 545 1135 Cardiolae.

210 1160 269 1198 Qui
290 1158 408 1190 tributo

256 1206 396 1238 Romano
421 1204 565 1244 principe

211 1253 375 1285 Persoluto

257 1300 373 1330 missus
395 1298 437 1329 ad
459 1297 600 1336 propria„

214 1345 319 1378 Verbo
346 1345 476 1376 credens

258 1392 345 1424 beati
369 1390 521 1431 Stephani

212 1440 326 1479 Papae,
354 1438 448 1469 cessit

259 1486 298 1517 ab
322 1485 480 1517 idolatria.

212 1542 356 1574 Tandem
380 1541 476 1573 armis

258 1589 430 1619 instructus
457 1586 534 1618 fidei

214 1635 405 1667 Sublimatus

260 1681 301 1713 ad
325 1680 535 1713 sacerdotium

213 1730 250 1761 In
275 1736 381 1760 amore

258 1775 341 1814 regis
365 1774 482 1806 siderei

213 1822 368 1861 Flagrans
393 1829 483 1852 omne

258 1869 338 1900 vitat
361 1868 548 1908 contagium.

353 1961 558 1995 Responsoria.

180 2052 188 2060 .
213 2027 303 2059 Haec
327 2030 374 2058 est
399 2027 466 2058 dies

263 2075 357 2114 dig-na
380 2073 558 2115 praeconio,

215 2121 281 2160 Qua
302 2121 413 2153 relicto

262 2168 364 2199 carnis
388 2167 498 2200 exsilio

217 2214 333 2246 Christi
358 2215 485 2254 praesul

264 2261 388 2293 Christo
414 2270 483 2293 cum
507 2261 620 2301 gaudio

216 2308 286 2340 Jam
308 2307 423 2340 fruitur

263 2355 331 2387 sine
354 2354 494 2396 fastidio,

817 209 854 240 V.
884 209 956 242 Jam
981 210 1160 240 sanctorum

931 256 1058 294 junctus
1084 255 1215 295 collegio

887 302 942 334 Sui
967 311 1075 334 cursus

935 350 1090 389 completo
1115 348 1229 380 stadio.

831 417 861 446 2.
887 415 970 446 Dum
990 415 1156 447 missarum

933 462 1030 493 semel
1053 461 1205 493 solemnia

887 508 1079 550 Celebraret,

934 555 1060 594 quidam
1086 555 1234 594 apparuit

887 602 1027 641 Angelus
1051 602 1084 632 in

932 649 1042 680 altaris
1064 648 1128 680 alia

886 696 982 728 Parte
1005 695 1081 726 sibi-

934 751 994 782 que
1017 743 1138 782 virgam
1161 742 1292 782 tribuit3

817 791 854 822 V.
887 790 911 822 O
936 790 1114 828 praesulem

936 836 1063 876 dignum
1086 837 1247 877 memoria,

887 884 962 914 Vita
986 884 1073 923 cnjus

934 930 967 961 in
991 933 1112 962 tantum
1141 931 1264 963 claruit.

829 997 859 1028 3.
886 996 1081 1027 Adolescens

935 1043 1063 1082 quidam
1086 1043 1291 1082 praecordius

888 1089 1023 1121 Domum
1047 1091 1213 1129 scandam,

933 1139 970 1167 ut
993 1136 1094 1168 sancti
1118 1137 1275 1176 praesulis

887 1183 1065 1214 Exaudiret

933 1238 1042 1261 vocem
1064 1229 1196 1261 liberius

889 1276 1106 1308 Praedicantis

933 1332 1044 1362 pacem
1067 1323 1101 1354 in
1125 1323 1260 1362 populis,

890 1370 949 1409 Qui
973 1370 1130 1409 collapsus

935 1417 1000 1448 ruit
1021 1415 1154 1448 inferius

889 1464 1032 1495 Aliorum

934 1511 1088 1549 impulsus
1117 1510 1269 1550 stimulis3

822 1557 858 1590 V.
888 1557 982 1588 Hunc
1006 1556 1188 1588 defunctum

936 1607 1047 1643 pastor
1071 1604 1213 1643 egregius

891 1650 1062 1682 Suscitavit

936 1707 956 1729 a
980 1697 1089 1727 mortis
1112 1696 1256 1730 vinculiS.

955 1866 1001 1897 Iu
1028 1867 1059 1899 2.
1084 1866 1142 1897 No
1154 1869 1309 1899 cturno.

1030 1949 1225 1985 Antiphonae.

834 2026 864 2057 1.
891 2025 1024 2064 Quidam
1048 2035 1068 2057 a
1092 2035 1127 2057 se

936 2073 1050 2112 pedem
1076 2073 1229 2106 diviserat

890 2119 968 2152 Cum
990 2120 1120 2160 bipenni

938 2166 1083 2206 Lupillus
1108 2167 1243 2209 nomine,

891 2214 988 2252 Quem
1011 2214 1145 2246 Melloni

936 2269 1033 2300 prece
1056 2265 1225 2301 recuperat

894 2307 1033 2340 Credens
1057 2309 1160 2348 plebis

942 2364 1012 2386 cum
1034 2356 1247 2389 multitudine.
