1650 2587
684 92 894 127 ,6-

239 189 513 234 Retrogradi
535 199 655 224 versus
679 187 847 228 dicuntur,
874 186 934 230 qui
957 184 1158 227 retrogrado
1174 182 1277 218 modo
1295 182 1441 226 possunt

141 250 229 293 legi,
264 248 354 293 quod
387 250 460 282 tum
494 248 641 281 metrum
673 244 820 278 vertitur
853 244 889 276 et
917 241 1097 277 sententia.
1145 239 1192 275 Et
1215 242 1296 274 sunt
1320 245 1439 281 preces

141 315 260 341 versus
289 304 490 349 perditionis
514 303 563 336 rei
589 312 631 336 ex
655 302 803 343 utraque
827 299 927 343 parte
950 297 1089 340 leonini,
1116 297 1181 331 sic:

367 379 461 410 Alme
484 380 585 419 pater,
610 378 728 408 maesto
752 374 853 414 pugili
876 374 1001 412 palmae
1026 372 1119 403 dator
1143 373 1220 402 esto.

235 453 299 487 Ille
331 452 530 496 retrogrado
563 451 664 485 modo
695 449 822 491 legitur
852 448 895 481 ab
929 447 1039 481 altera
1071 446 1220 480 dictione
1252 452 1363 488 usque
1394 443 1437 477 ad

141 510 286 554 primam
296 508 337 553 ¹).
381 507 484 542 Tales
508 507 613 540 etiam
637 507 718 541 sunt
741 504 792 539 hi:

369 583 488 614 Plaudo
513 581 582 621 tibi,
606 581 690 612 vitae
714 580 863 619 genitrix,
889 579 993 618 laudo,
1021 578 1089 608 0010
1114 578 1185 615 rite,

365 629 427 660 Vas
451 628 536 667 fidei,
562 636 671 670 sospes
696 634 821 665 semper
847 626 945 666 vivas,
971 625 1085 655 misero
1110 632 1192 663 spes,

236 703 302 738 Alii
336 705 417 738 sunt
449 701 658 744 retrogradi,
693 709 762 734 11011
788 699 930 734 100111111.
979 697 1028 733 Et
1060 699 1236 742 ponuntur
1258 698 1294 732 hi
1319 707 1439 732 versus

143 762 178 795 111
212 769 359 804 persona
390 759 524 799 divitis,
559 757 617 801 qui
649 756 777 791 divitiis
808 755 878 790 suis
904 755 1055 789 divinum
1081 754 1247 789 honorem
1274 754 1437 797 exhibuit,

145 816 240 861 quasi
266 816 410 850 haberet
434 824 476 848 ex
501 822 546 856 se,
574 823 642 848 non
668 821 709 846 ex
729 812 842 854 gratia
865 810 940 855 Dei,
968 812 1017 845 sic
1042 811 1176 845 dicens:

367 891 443 922 Sors
460 899 538 931 mea,
557 899 619 921 non
637 897 728 921 sacra
744 890 801 928 vis,
820 888 926 928 robur,
944 897 1006 920 non
1024 888 1128 927 gratia
1145 887 1263 920 Christi

413 938 529 969 Vivere
556 945 606 967 me
631 935 707 967 fecit
733 936 811 967 dans
836 935 913 966 mihi
936 935 1071 967 divitiaS.

368 984 445 1016 Sunt
469 984 546 1015 1111111
573 984 705 1014 deliciae
728 983 858 1014 stabiles
880 991 939 1013 nec
959 982 1065 1014 vivere
1090 989 1188 1019 ceSSO‚

416 1030 555 1068 Gaudeo,
581 1030 626 1061 nil
652 1030 784 1072 crucior,
810 1029 859 1061 his
885 1028 974 1061 fruor
997 1028 1163 1063 ominibus,

237 1106 363 1141 Postea
394 1105 574 1139 damnatus
606 1104 642 1138 in
675 1103 795 1147 poenis
818 1112 1064 1146 recognoscens
1089 1103 1239 1147 seipsum
1266 1105 1300 1136 et
1324 1102 1442 1147 poeni-

141 1163 285 1198 tentiam
310 1170 414 1201 agens
439 1162 562 1205 repetit
587 1161 724 1195 eosdem
750 1168 868 1195 versus
892 1159 1092 1203 retrogrado
1117 1159 1240 1200 modo,
1274 1158 1441 1202 incipiens

146 1220 189 1254 ab
222 1218 345 1253 ultima
378 1217 526 1252 dictione
558 1216 670 1251 ultimi
702 1225 821 1250 versus
853 1225 963 1259 usque
993 1215 1036 1250 ad
1066 1216 1212 1259 primam
1236 1215 1338 1259 primi
1365 1224 1441 1249 ver-

147 1283 215 1314 sus,
241 1283 306 1308 sic:

375 1330 537 1362 Ominibus
562 1329 651 1361 fruor
675 1329 736 1367 his,
763 1329 895 1366 crucior,
920 1329 966 1361 nil
989 1329 1122 1369 gaudeo,
1149 1337 1235 1360 cesso

421 1377 545 1415 Vivere,
571 1385 630 1408 1100
653 1376 782 1408 stabiles
809 1376 941 1408 deliciae
965 1376 1042 1408 mihi
1067 1379 1149 1407 sunt.

371 1424 505 1456 Divitias
530 1424 607 1454 mihi
632 1424 712 1455 dans
737 1422 814 1455 fecit
835 1431 887 1455 me
911 1423 1018 1455 vivere
1043 1422 1160 1454 Christi

419 1471 538 1508 Gratia,
564 1480 625 1502 11011
651 1472 757 1511 robur,
779 1471 827 1502 vis
852 1479 953 1510 sacra,
978 1478 1041 1501 non
1065 1478 1136 1501 mea
1159 1478 1238 1502 sors.

240 1545 279 1580 In
311 1546 364 1580 his
395 1546 549 1580 versibus
583 1545 672 1579 duae
704 1546 784 1578 sunt
814 1543 1042 1584 subtilitates,
1077 1544 1208 1579 scilicet
1240 1544 1351 1588 quod,
1387 1544 1446 1588 qui

146 1602 255 1647 primo
281 1601 401 1637 ordine
424 1600 565 1636 fuerunt
587 1600 796 1642 hexametri,
828 1602 949 1645 postea
972 1600 1092 1635 ordine
1117 1601 1317 1643 retrogrado
1344 1602 1446 1634 erunt

149 1658 366 1703 pentametri,
393 1659 429 1692 et
449 1663 509 1701 qui
531 1657 625 1701 prius
645 1657 835 1691 hexametri
860 1654 935 1700 [lies
960 1654 1190 1701 pentametri}
1218 1659 1320 1691 erunt
1339 1656 1445 1691 hexa-

150 1715 263 1750 metri.
305 1713 463 1749 Secunda
478 1713 650 1748 subtilitas
667 1715 728 1753 est,
757 1712 847 1757 quod
864 1713 960 1757 prius
978 1710 1180 1756 affirmabat,
1208 1715 1329 1758 postea
1344 1716 1448 1756 negat

149 1773 185 1806 et
217 1770 307 1815 quod
341 1770 436 1815 prius
466 1770 632 1814 negabat,
669 1771 790 1814 postea
821 1767 980 1804 affirmat.
1030 1768 1125 1805 Talis
1159 1772 1212 1804 est
1244 1770 1349 1804 etiam
1382 1770 1449 1804 iste

150 1836 287 1862 versus:

374 1883 503 1915 Sacrum
528 1883 645 1925 pingue
669 1882 761 1922 dabo,
786 1892 849 1915 non
871 1892 1010 1915 macrum
1035 1883 1231 1917 sacrificabo,

243 1956 308 1998 Qui
334 1957 384 1992 sic
407 1958 495 1992 bene
518 1957 676 1999 congruit
697 1965 865 2000 personae
880 1956 978 1999 Abel,
1005 1957 1063 2000 quj
1079 1957 1154 1993 Deo
1181 1958 1307 1994 obtulit
1322 1958 1451 2004 pingue

151 2011 362 2056 sacrificium,
389 2014 520 2049 scilicet
542 2022 678 2056 agnum.
725 2012 941 2057 Retrograde
966 2014 1127 2049 convenit
1150 2013 1245 2059 Galn,
1273 2016 1339 2051 sic:

378 2079 568 2112 Sacrificabo
592 2088 741 2122 macrum,
767 2089 831 2111 11011
857 2079 938 2112 dabo
962 2081 1078 2121 pingue
1102 2090 1237 2115 sacrum.

247 2154 357 2189 Tertii
389 2164 509 2190 versus
532 2156 629 2198 sunt.
664 2154 723 2199 qui
747 2154 908 2189 dicuutur
932 2157 1123 2199 retrogradi
1145 2166 1208 2201 per
1231 2157 1361 2198 literas,
1396 2167 1448 2192 se-

154 2211 302 2246 cundum
340 2211 430 2255 quod
465 2212 507 2247 ab
540 2211 664 2246 ultima
694 2210 797 2245 litera
828 2220 947 2246 versus
976 2212 1231 2255 resyllabantur
1262 2223 1373 2258 usque
1405 2215 1448 2249 ad

231 2341 255 2378 ²)
271 2340 422 2371 Mmlich:
441 2340 514 2371 Esto
535 2340 619 2371 dator
637 2341 753 2379 palmae
773 2341 865 2379 pugili
884 2345 1005 2378 maesto,
1025 2345 1109 2379 pater
1128 2343 1213 2372 alme.
