1651 2588
697 106 957 142 -121—

310 206 356 237 In
382 205 413 236 3.
440 203 668 236 Nocturno.

387 268 432 295 Ad
453 269 583 296 Cantica.

177 328 218 361 A.
244 326 360 358 Dulcia
385 335 455 358 cum
479 327 597 359 sanctis

296 374 488 406 citharizans
515 374 638 406 cantica
662 374 765 406 laudis

251 421 397 460 Nostras,
423 424 532 453 sancte
555 424 659 461 pater,

298 470 338 501 de
363 469 459 501 coelis
484 469 609 508 suscipe
632 468 753 501 laudes.

388 544 594 580 Responsoria.

196 597 224 629 1.
253 596 335 628 Solis
357 594 502 635 justitiae

298 641 410 675 matris
436 640 494 672 sub
520 640 639 671 honoro
662 638 788 671 Mariae

256 688 441 723 Construxit
464 695 586 719 sacrum

301 735 455 769 mediocri
469 735 628 766 schemate
640 732 801 774 templum,

181 784 218 815 V.
252 785 290 817 In
313 792 374 824 quo
398 781 584 822 magnificae

301 829 471 870 complevit
494 831 638 867 tempora
661 827 754 860 vitae.

197 891 228 923 2.
255 888 417 920 Nobilium
442 886 563 917 alacres

300 935 439 967 athletae
464 931 550 964 facta
572 932 739 971 sequentes

253 981 372 1014 Christi
393 980 509 1011 militia

300 1027 454 1069 geminam
464 1026 589 1058 subiere
600 1025 801 1064 palaestram,

198 1075 237 1110 V.
256 1076 393 1116 Spiritus
418 1076 512 1113 atque
537 1081 610 1103 caro

300 1132 361 1163 quo
385 1123 517 1160 possent
540 1119 648 1151 vivcre
673 1118 770 1150 coelo.

194 1185 225 1217 3.
253 1182 368 1216 Sancte
391 1180 568 1221 Leonarde‚

252 1230 371 1263 Christi
396 1227 567 1266 confessor,

255 1277 343 1309 Audi
368 1278 516 1316 rogantes
538 1273 680 1305 servulos

253 1324 298 1356 Et
321 1324 523 1363 impetratam
548 1321 678 1352 coelitus

252 1371 301 1403 Tu
327 1368 418 1403 defer
442 1368 680 1408 indulgentiam.

183 1420 218 1452 V.
250 1419 275 1451 Ο
301 1420 409 1450 sancte
434 1415 611 1456 Leonam-de,

250 1466 340 1498 sidus
364 1473 504 1504 aureum,

252 1513 380 1545 Domini
404 1512 508 1552 gratia

255 1569 417 1593 servorum
442 1559 575 1599 gemitus

250 1609 344 1640 solita
369 1606 495 1646 suscipe
520 1605 696 1637 clementia.

192 1666 224 1698 4.
253 1664 396 1697 Carceris
422 1672 440 1695 o
465 1661 595 1701 fractor,

225 1715 232 1717 ”
299 1711 556 1752 captivorumque
580 1709 701 1740 solutor

250 1759 413 1792 Mellifluis
437 1757 584 1798 precibus

296 1811 423 1839 nostros
447 1804 586 1838 dissolve
608 1806 726 1846 reatus,

179 1856 215 1888 V.
248 1856 306 1895 Qui
331 1856 457 1887 nostros
482 1851 583 1893 audis,

295 1901 465 1935 tribuendo
492 1900 574 1932 dona
596 1899 717 1932 salutis.

345 1988 361 2020 I
370 1996 390 2020 n
415 1986 444 2018 L
452 1995 470 2018 a
479 1996 498 2017 u
509 1985 578 2018 dib
588 1995 608 2017 u
618 1995 642 2018 s.

393 2052 588 2087 Antiphonae.

188 2115 220 2148 1.
244 2113 428 2145 Laudemus
453 2109 634 2149 Dominum,

301 2160 356 2200 qui
380 2160 498 2190 tractat
522 2156 646 2196 singula
669 2166 785 2198 rerum,

871 939 901 971 57(

929 203 1012 236 Sede
1036 204 1127 235 sedet
1150 206 1276 236 sanctus

974 252 1048 284 diva
1072 259 1142 282 cum
1167 260 1226 292 quo
1251 251 1447 285 LeouarduS.

928 317 1055 349 Intrans
1076 316 1252 349 Jerusalem

977 364 1052 396 Sion
1078 365 1263 396 exsultantis
1287 365 1321 396 in
1345 373 1449 396 arcem

932 411 1036 443 Ardet
1060 411 1093 442 in
1117 412 1270 452 adspectu

977 458 1105 491 Domini
1119 458 1286 491 Cherubim
1297 458 1475 492 residentis

897 549 904 555 .
931 523 1006 556 Sese
1030 526 1219 556 mactantem

976 570 1156 612 fontemque
1188 571 1288 603 Deum
1319 571 1477 603 sitientem

932 617 1041 650 Gloria
1065 618 1214 659 suscepit,

977 673 1035 705 pro
1061 675 1123 705 qua
1145 666 1292 698 mortalia
1316 666 1445 706 sprevit.

931 730 988 763 Cui
1012 739 1108 771 mare,
1134 733 1229 773 terra,
1255 732 1345 771 polus

976 778 1084 818 servit,
1110 778 1219 810 tremit
1242 787 1280 810 ac
1295 781 1473 818 veneratur,

927 825 1081 857 Declarat
1102 828 1244 857 sanctum

977 881 1035 912 per
1058 872 1147 912 signa
1168 872 1221 912 pie
1244 872 1455 905 Leonardum.

928 938 1017 970 Inter
1043 938 1186 969 concives

986 984 1110 1024 patriae
1137 984 1281 1016 coelestis
1305 987 1434 1017 ovantes

932 1031 1015 1063 Pura
1038 1034 1143 1062 mente
1167 1031 1238 1071 pius

976 1078 1086 1110 laudat
1102 1078 1268 1110 Dominum
1283 1078 1477 1112 Leonardus.

1043 1171 1089 1198 Ad
1107 1170 1291 1199 Benedictus.

927 1230 1079 1271 Copiosae
1103 1230 1231 1269 pietatis

978 1277 1145 1309 Leonarcle
1167 1277 1284 1315 inclite,

931 1324 1007 1356 Tuis
1033 1322 1123 1355 festis
1148 1323 1329 1355 assistentes

974 1379 1058 1402 nunc
1084 1371 1123 1403 de
1147 1371 1234 1403 coelo
1260 1371 1393 1410 respic-e,

932 1418 1050 1450 Lucem
1074 1418 1165 1449 nobis
1189 1417 1389 1457 impetrando

978 1465 1064 1505 apud
1087 1473 1194 1505 regem
1217 1465 1348 1507 gloriae,

932 1513 1040 1552 Ipsum
1067 1512 1144 1544 coeli
1168 1513 1202 1544 in
1228 1512 1341 1544 decore

977 1568 1037 1599 quo
1062 1560 1217 1598 possimus
1243 1568 1383 1595 cernere,

995 1684 1042 1715 In
1067 1684 1099 1715 2.
1126 1683 1341 1722 Vesperis.

1047 1757 1093 1784 Ad
1111 1756 1290 1793 Magnificat-

928 1825 952 1857 Ο
978 1827 1071 1865 pater
1094 1824 1273 1864 Leonarde‚

928 1871 1036 1912 opifex
1061 1872 1146 1903 celer
1168 1880 1231 1904 non
1258 1873 1360 1913 tarde,

929 1920 984 1960 qui
1008 1919 1098 1959 signa
1120 1920 1187 1959 das,
1218 1919 1431 1960 celeberrime,

929 1966 1069 1998 brachiis
1096 1966 1222 1998 divinae
1244 1967 1417 2007 potentiae,

930 2014 1034 2054 plebis
1058 2013 1187 2045 attritae
1211 2013 1325 2046 baccas

933 2061 1095 2100 disrumpe
1118 2061 1293 2100 assisteque

929 2109 1003 2140 huic
1027 2106 1167 2140 familiae
1191 2110 1246 2139 tua

931 2155 1075 2196 precanti
1098 2155 1216 2187 salvari
1241 2164 1310 2195 ope.

257 2227 343 2253 Brev.
368 2232 421 2252 ms.
446 2222 653 2251 Nobiliacense
680 2230 755 2250 saec.
784 2221 827 2253 13.
855 2220 1130 2256 0011.Burdiga10n.
1155 2218 1200 2248 85
1228 2235 1263 2240 —
1290 2221 1326 2248 In
1352 2220 1376 2249 1.
1397 2221 1481 2249 Noct.

181 2266 207 2294 Α
230 2262 291 2298 1,1
312 2264 396 2299 legis.
409 2277 448 2282 —
469 2259 491 2288 Α
508 2260 535 2294 4,
556 2258 574 2286 2
594 2261 676 2296 cujus
691 2260 804 2289 Christe
822 2261 964 2289 vernalia.
984 2274 1022 2278 —-
1036 2258 1058 2284 A
1080 2256 1143 2292 6,1
1157 2259 1303 2295 Equitem.
1323 2274 1359 2278 —
1374 2257 1396 2285 A
1418 2257 1443 2293 6,
1464 2257 1482 2286 2

184 2306 213 2332 et
230 2304 311 2330 viam
332 2301 459 2337 erganzt.
479 2314 515 2318 —-
537 2296 558 2325 R
579 2297 605 2333 3,
627 2298 643 2327 1
665 2301 832 2334 eremptum.
853 2313 890 2319 ——-
908 2299 945 2326 In
964 2296 991 2324 2.
1004 2298 1089 2325 Noet.
1110 2295 1132 2323 A
1152 2295 1180 2331 2,
1201 2295 1216 2323 1
1231 2297 1335 2326 Coi-dis
1354 2298 1425 2333 ejus.
1445 2313 1484 2318 —-

183 2342 206 2369 Α
228 2339 254 2375 2,
275 2339 293 2367 2
313 2339 444 2368 tribuisti
464 2339 500 2366 ei.
518 2351 555 2357 -
576 2336 598 2363 Α
615 2336 642 2372 4,
664 2336 681 2366 3
702 2345 767 2365 cum
780 2339 890 2374 regnat.
911 2350 947 2355 —
970 2334 991 2362 R
1012 2333 1037 2370 1,
1057 2333 1077 2362 4
1095 2336 1170 2371 vita3
1191 2336 1295 2371 regina
1306 2337 1432 2372 eigiinzt.
1445 2350 1483 2355 —

183 2381 319 2415 Hymnus
341 2378 378 2406 ac]
397 2376 527 2405 Laudes:
553 2376 617 2403 Deo
636 2357 737 2404 ’demus
757 2379 863 2413 grates,
