1650 2587
691 111 947 145 ——130—

209 234 216 240 .
241 208 384 240 Antistes
407 206 625 245 Marcellinus,

241 255 377 295 Nobilis,
406 256 519 293 castus,
544 253 624 293 pius,

243 302 300 333 Vir
321 303 424 341 justus
450 303 482 331 et
504 300 641 337 humilis,

239 348 375 380 Dicebat
395 347 547 378 Domino:
574 346 671 378 verba

240 395 315 427 Mea
337 394 476 435 percipe,
502 393 645 425 Domine.

209 476 217 483 .
243 452 267 483 O
292 451 427 483 Domine
450 449 586 489 Adonai,

289 498 412 530 Nomen
435 496 567 527 multum
590 495 736 526 mirabile

243 545 337 577 Coelo
362 549 536 582 terraeque,
561 544 674 581 portae

289 590 417 623 Baratri
442 588 668 622 destructibile.

379 649 585 684 Responsoria.

207 723 215 731 .
242 699 384 738 Quinque
407 696 528 727 talenta
551 696 670 727 tradita

290 743 446 776 Reddidit
469 743 630 782 duplicata

242 792 316 823 Vita
342 789 461 823 coelibe
484 790 612 829 placita,

285 838 429 870 Moribus
454 837 617 876 adornata,

235 885 455 923 MarcellinuS,
480 884 513 914 in
538 884 639 923 gloria

287 933 350 964 Per
373 930 487 971 gaudia
510 930 636 970 beatus3

203 1004 210 1010 .
240 979 355 1010 Servus
378 976 482 1009 fidelis
506 977 640 1008 Domino

241 1025 294 1056 Sic
317 1024 444 1064 praesul
466 1032 590 1062 semper
614 1024 735 1054 exstitit

286 1070 412 1103 Meritis
436 1070 617 1102 adornatus

209 1150 216 1158 .
242 1127 331 1159 Haec
354 1127 409 1158 lux
434 1124 523 1157 fulsit
545 1126 579 1157 in
603 1126 711 1157 nubilo

287 1174 425 1213 Fulgore
449 1173 581 1210 radiata,

243 1221 401 1260 Corporis,
429 1219 532 1251 cordis
555 1219 656 1259 Jubilo

290 1268 391 1306 Super
416 1266 518 1297 coelos
538 1267 651 1306 locata,

243 1314 365 1346 Jubilat
387 1321 511 1351 semper
535 1313 669 1345 Domino

287 1360 381 1392 Clara
405 1368 481 1391 voce
504 1360 617 1403 beata3

203 1432 209 1439 .
238 1408 379 1439 Antistes
403 1406 617 1446 Marcellinus,

288 1453 411 1485 Nobilis
438 1454 632 1494 conspicuus,

241 1501 378 1533 Humilis
403 1500 452 1531 vir
478 1503 510 1531 et
531 1501 603 1539 pius

286 1547 463 1579 Virtutibus
488 1550 625 1579 ornatus.

208 1631 215 1637 .
239 1605 303 1636 Per
324 1604 410 1635 hunc
433 1607 525 1642 pater
546 1604 697 1635 luminum

290 1651 421 1690 Semper
444 1649 647 1689 glorificatur,

242 1698 427 1729 Procreator
453 1697 616 1727 criminum

291 1745 388 1777 Satan
411 1743 648 1783 interpretatur,

243 1792 281 1823 In
304 1790 425 1822 meritis
450 1790 609 1820 hominum

289 1838 333 1869 Et
356 1837 510 1877 agminum
537 1845 759 1879 supernorum3

204 1909 212 1916 .
243 1885 367 1916 Eximie
390 1883 476 1915 dolet
499 1883 595 1915 Satan

242 1932 292 1963 De
316 1930 438 1971 gaudiis
461 1930 650 1972 Marcellini,

244 1980 342 2018 Quem
367 1982 475 2010 tenens
499 1977 689 2017 praecipitat,

287 2026 326 2058 In
345 2025 449 2065 ignem
473 2027 680 2056 aeternorum.

306 2104 353 2136 In
379 2106 409 2138 3.
436 2103 663 2136 Nocturno.

382 2158 579 2194 Antiphonae.

210 2233 217 2240 .
241 2208 304 2239 Hic
327 2208 476 2240 innocens

285 2257 316 2286 et
338 2254 473 2286 mundus
497 2254 600 2286 animo

242 2301 315 2333 Non
339 2302 462 2341 accepit

288 2349 322 2380 in
344 2357 426 2381 vano
451 2348 596 2391 animam,

917 207 1084 239 Habitavit

965 254 997 285 in
1022 255 1225 287 tabernaculo

919 300 995 332 Jesu
1020 302 1138 335 Christi

968 348 1181 388 contemplans
1207 349 1346 389 gloriam.

887 437 893 443 .
920 413 944 445 Ο
970 413 1114 456 Domine,

959 460 993 491 in
1017 460 1134 492 virtute
1157 464 1212 492 tua

916 506 1103 538 Laetabitur

959 553 1012 584 hic
1034 555 1161 592 praesul
1185 554 1309 593 nobilis,

918 600 1064 631 Salutate

961 654 1019 684 per
1044 646 1149 677 saecla
1173 647 1277 678 omnia

917 692 960 724 Ei
985 692 1104 724 donans

959 742 994 770 tu
1019 739 1105 770 Deus
1129 739 1266 772 humilis.

884 829 891 836 .
918 804 1067 836 Attollite

959 853 1078 892 portas,
1105 860 1122 882 o
1149 851 1266 890 superi,

917 899 982 931 Vos
1007 898 1179 937 principes,

960 946 1043 977 cives
1068 944 1212 984 angelici,

916 992 1103 1024 Marcellino

959 1047 1049 1069 sacro
1074 1038 1219 1072 antistiti,

1057 1131 1260 1166 Responsoria.

886 1213 893 1220 .
919 1188 982 1219 Hic
1005 1190 1133 1219 sanctus
1157 1188 1191 1218 in
1213 1186 1349 1219 infantia

964 1235 1010 1267 Ut
1032 1234 1130 1266 Jacob
1155 1234 1340 1273 patriarcha

916 1282 984 1314 Deo
1008 1282 1137 1321 placens
1161 1290 1219 1320 per
1244 1282 1348 1313 omnia

921 1402 927 1411 ⁴
957 1357 972 1408 .-
993 1357 1008 1408 .-
1024 1354 1248 1413 data-optima*
1275 1354 1281 1363 μ
1311 1357 1317 1360 “

958 1422 1031 1453 Non
1057 1424 1166 1461 captus
1191 1422 1259 1453 auri
1285 1430 1400 1461 marca,

878 1496 885 1502 .
916 1468 1044 1508 Sprevit
1067 1469 1225 1501 mundana
1249 1469 1365 1508 gaudia

918 1516 963 1547 Et
986 1516 1147 1547 luculenta
1169 1515 1311 1555 praedia,

920 1563 1023 1595 Ovans
1048 1565 1135 1593 tenet
1157 1562 1313 1594 coelestia.

888 1652 894 1658 .
921 1628 982 1660 Hic
1004 1628 1038 1658 in
1061 1627 1165 1666 prima
1188 1627 1297 1667 vigilia

960 1674 1113 1713 Vigilavit
1135 1675 1259 1714 aetatis,

919 1720 1046 1752 Scilicet
1069 1721 1216 1760 pueritia,

959 1768 1085 1800 Virtute
1111 1768 1251 1799 caritatis

917 1815 1069 1846 Inductus
1090 1813 1171 1846 falsa
1196 1815 1311 1855 gaudia

961 1862 1088 1901 Sprevit
1111 1862 1277 1902 vanitati53

879 1934 886 1942 .
918 1908 965 1940 Ob
990 1909 1024 1940 id
1050 1908 1208 1940 Christum
1232 1910 1265 1940 in
1290 1910 1391 1950 gloria

919 1955 1079 1987 Virtutum
1104 1956 1294 1988 inundantia

919 2002 1047 2033 Plenum
1076 2003 1163 2034 videt
1185 2003 1219 2034 in
1243 2005 1349 2042 patria

962 2050 1097 2082 Sanctae
1118 2051 1368 2090 tranquillitatis.

886 2139 893 2147 .
918 2114 981 2146 Hic
1003 2116 1131 2154 praesul
1156 2117 1354 2155 exspectavit

959 2162 1013 2194 Ad
1035 2163 1162 2202 nuptias
1188 2164 1291 2195 eundo

917 2209 1002 2249 Agni
1025 2209 1096 2249 Dei,
1122 2210 1173 2250 qui
1194 2211 1275 2242 lavit

959 2256 1126 2288 Hominem
1149 2258 1323 2297 moriendo,

912 2302 1051 2334 Lumbos
1077 2304 1180 2335 carnis
1206 2304 1365 2336 edomavit

960 2351 1094 2383 Carnem
1118 2360 1206 2383 suam
1230 2350 1397 2392 frenando,
