1651 2588
697 36 929 70 —44—

208 149 215 157 .
241 129 279 160 In
305 132 410 161 monte
435 130 546 163 civitas

287 176 350 216 tegi
375 186 436 209 non
460 176 572 218 potuit,

242 222 324 254 Nam
348 232 455 255 rumor
477 224 618 263 praesidi

293 268 333 301 de
357 272 465 302 saneto
488 271 602 312 patuit,

248 316 306 355 Qui
330 316 391 348 sibi
415 318 560 356 protinus

288 363 459 395 adductum
484 364 584 396 voluit

333 410 545 443 Praeseniari.

208 509 215 516 .
241 484 405 517 Tribunaii

287 532 393 571 jussus
417 531 583 573 adsistere,

245 577 361 610 Christi
385 586 510 610 servum

287 632 322 656 se
346 624 455 663 prodit
478 625 589 664 libere,

243 670 360 703 Caesus
385 680 458 711 ergo

285 717 414 758 jubetur
439 727 566 751 earcere

336 764 533 801 Conservari.

380 887 587 923 Responsoria.

209 979 218 987 .
242 954 341 986 Trina
361 956 469 986 saneto
494 954 614 987 visione

291 1002 353 1033 Per
377 1003 500 1033 noctem
523 1001 681 1041 apparuit,

244 1047 356 1088 Deque
380 1056 437 1079 sua
460 1048 607 1087 passione

290 1094 443 1126 Dominus
467 1095 613 1135 innotuit,

246 1141 329 1173 Dum
352 1141 409 1173 sub
435 1142 492 1173 tali
513 1142 655 1181 jussione

292 1187 403 1220 Carnis
427 1196 503 1220 suae
526 1188 625 1220 voluit

337 1235 574 1268 Holocaustum.

210 1309 216 1315 .
245 1282 365 1324 Surge,
396 1280 510 1321 Blasz',
542 1283 570 1313 et
602 1282 681 1322 offer
710 1281 792 1314 mihi

191 1403 211 1435 KQ

244 1328 375 1368 hostias,
400 1330 437 1360 ut
458 1329 549 1361 soles.

214 1426 222 1434 .
248 1403 278 1434 A
302 1404 449 1442 squalore
473 1404 610 1437 carceris

293 1450 341 1482 vir
365 1452 492 1482 sanoms
517 1451 661 1483 educitur

245 1497 443 1538 Rursumque
465 1499 645 1537 conspectui

293 1544 450 1584 praesidis
476 1545 651 1585 exponitur5

248 1590 310 1623 Sed
337 1600 395 1622 nec
421 1591 481 1623 diis
505 1592 656 1633 immolat,

296 1646 354 1670 nec
378 1641 501 1670 terrore
522 1637 659 1670 flectitur

341 1685 589 1717 Tormentorum.

208 1755 215 1762 .
245 1731 290 1763 In
313 1731 454 1764 Domino
487 1741 620 1772 sperans
651 1741 720 1764 ‘non
753 1734 793 1764 tv}-

247 1779 338 1819 muit‚
366 1779 445 1818 quid
467 1780 585 1818 faceret
606 1779 670 1811 sibi
690 1779 793 1811 homo.

215 1878 223 1886 .
251 1854 304 1885 Ad
326 1854 447 1892 jussum
472 1854 630 1893 praesidis

299 1900 412 1932 missus
433 1900 467 1932 in
491 1900 627 1940 flumine,

251 1948 292 1980 Se
316 1948 417 1979 munit
439 1948 564 1980 Blasius

297 1995 397 2027 crucis
421 1994 600 2035 munimine,

248 2043 326 2076 Mox
348 2042 433 2074 unda
457 2042 602 2081 primitus

298 2088 397 2120 fluens
423 2091 455 2120 et
478 2089 600 2129 liquida

253 2136 317 2168 Sub
343 2136 443 2167 saneti
469 2135 629 2175 gressibus

301 2182 391 2215 stetit
412 2183 446 2214 in
470 2183 571 2215 arida.

249 2230 295 2262 In
317 2230 405 2262 mari
426 2228 497 2261 viae
522 2229 590 2271 ejus
615 2233 644 2262 et
667 2230 799 2262 semitae

261 2277 329 2318 ejus
353 2276 389 2308 in
415 2278 508 2316 aquis
531 2277 650 2310 multis.

978 131 1026 163 In
1051 134 1082 165 3.
1109 132 1327 165 Nooturno.

1057 197 1253 233 Antiphonae.

859 252 889 285 1.
917 253 1118 285 Incessanter
1139 254 1308 286 insistebat

965 299 1067 332 Saluti
1089 299 1231 332 fidelium

919 347 1047 387 Martyr
1070 349 1165 387 atque
1188 345 1373 379 retrahebat

962 393 1014 424 Ab
1040 402 1148 425 errore
1171 394 1320 434 gentium,

918 439 1000 471 Dum
1025 440 1067 472 ad
1090 439 1185 472 fidem
1206 438 1420 477 convertebat,

963 486 1117 519 Parvulos
1141 486 1314 526 gentilium.

886 564 895 571 .
921 541 1018 582 Signa
1039 541 1137 574 verbo
1162 542 1282 574 sociata

964 591 1055 620 erant
1078 588 1111 619 in
1136 597 1173 620 eo
1197 589 1330 630 pariter,

917 634 1008 667 Tabe
1030 634 1145 666 mentis
1171 635 1342 668 emundata

969 690 1063 722 aegra
1089 690 1162 714 caro
1187 681 1334 714 similiter

1011 729 1241 762 Mundabatur.

885 811 891 817 .
915 787 936 819 J
937 795 984 817 am
1010 787 1183 824 martyrum

964 833 1126 864 consertus
1150 833 1277 873 agmini,

914 880 1025 912 Palma
1048 878 1163 911 florens

963 926 996 958 in
1023 927 1114 958 domo
1138 926 1267 959 Domini

917 974 1011 1015 Tuos,
1036 973 1135 1011 Blasi,

964 1019 1074 1052 fideles
1100 1020 1185 1060 erige

917 1067 1036 1107 Mores,
1062 1070 1151 1098 aetus

965 1114 1125 1154 vitamque
1149 1114 1280 1153 corrige.

1051 1188 1259 1223 Responsoria.

887 1262 893 1269 .
921 1235 1055 1267 Sanctus
1079 1235 1217 1267 mirabili

965 1281 1112 1322 perfusus
1136 1282 1254 1314 lumine

918 1329 1008 1361 Sicco
1034 1329 1166 1368 vestigio

967 1376 1034 1407 exit
1058 1377 1098 1408 de
1120 1375 1258 1414 flumine,

920 1422 1078 1456 Promisso
1104 1423 1234 1454 coelitus

969 1472 1072 1501 certus
1098 1478 1137 1501 ex
1160 1478 1299 1510 munere,

921 1516 1070 1549 Gaudetis
1094 1519 1127 1547 et
1150 1517 1254 1548 alacer

966 1564 1091 1595 accedit
1113 1571 1251 1603 propere

1013 1610 1067 1642 Ad
1093 1618 1249 1643 coronam.

882 1684 890 1691 .
923 1655 1079 1697 cupiebat
1104 1657 1190 1689 enim
1214 1657 1345 1690 dissolvi
1363 1661 1392 1691 et
1408 1668 1473 1691 esse

923 1714 996 1736 cum
1022 1702 1160 1736 Christo.

888 1786 897 1794 .
924 1761 1065 1793 Certanti
1088 1761 1193 1792 sonuit

970 1807 1098 1839 nuntius
1124 1816 1141 1839 e
1166 1808 1279 1842 caelis:

925 1854 1036 1886 Amice
1059 1855 1198 1897 Domini,

971 1901 1116 1944 gaudeaS,
1143 1901 1260 1945 fidelis,

925 1948 1006 1981 Veni
1029 1952 1061 1980 et.
1083 1949 1210 1989 suscipe

975 1996 1118 2027 bravium
1144 2005 1287 2038 coronae,

926 2043 988 2075 Pro
1014 2052 1073 2082 quo
1099 2043 1235 2075 viriliter

973 2090 1089 2122 sudans
1113 2091 1147 2122 in
1171 2099 1271 2132 agone

1018 2137 1210 2172 Decertasti,

887 2208 895 2215 .
925 2182 1064 2216 Calicem
1115 2184 1270 2218 salutaris
1318 2185 1478 2225 accipiens

926 2230 1018 2263 intra
1064 2231 1102 2262 {n
1140 2231 1300 2271 gaudium
1339 2231 1480 2264 Domini

927 2278 987 2312 tui.
