1650 2587
658 106 911 141 —112—

210 201 307 240 Quem
334 201 441 234 divina
463 202 707 242 praesignarunt
829 202 861 233 3.
888 201 988 233 sensu
1012 209 1118 241 senex,

252 248 429 288 praesulem
455 249 592 282 oracula.
931 255 1011 286 puer
1036 248 1165 288 malitia,

136 295 176 327 V.
206 294 287 326 Vota
311 294 416 334 plebis
440 301 475 327 ut
497 295 627 337 audivit,
883 295 955 327 Jam
981 294 1110 327 sortitus

254 350 312 373 rex
336 350 496 374 assensum
521 342 678 382 praebuit,
931 341 1035 373 locum
1057 342 1091 373 in
1115 342 1217 382 gloria

209 387 345 420 Concors
370 390 483 429 clerus,
508 389 599 428 plebs
625 389 758 420 electum
886 388 987 420 Deum
1012 387 1101 420 videt

257 437 434 467 consecrari
457 436 561 476 petiit.
933 435 1038 467 cordis
1059 436 1224 477 munditia,

151 494 183 526 2.
209 492 289 524 Post
312 495 476 532 acceptum
501 491 630 524 visionis
885 482 1164 536 Qufffmtquaesivst

254 547 440 578 responsum
466 538 627 580 angelicae
932 539 965 560 m
989 531 1179 564 mnocentia,

209 585 416 618 Consecratus
441 595 460 617 a
483 586 577 617 beato

253 632 408 665 Gildardo
433 631 592 672 pontifice,
1020 632 1227 667 Responsoria.

205 680 364 711 Pastorali
390 679 565 712 duodennis

254 726 442 758 sublimatur
465 727 566 767 apice.

138 774 177 807 V.
208 774 339 814 Sumpta
364 783 438 806 vero
462 774 662 814 praesulatus

250 821 359 860 junior
382 820 489 854 officia

205 868 394 900 Meritorum
419 868 650 900 commendavit

252 915 420 954 multiplici
445 915 556 956 gratia.

827 699 858 732 1.
884 698 1018 730 Noctem
1042 699 1112 731 lucc
1136 698 1295 740 fugativus

933 746 1006 777 (lum
1029 746 1064 778 in
1087 749 1180 779 nocte
1205 746 1327 786 circuit,

880 792 983 824 Nocte
1007 801 1118 832 pressa
1143 794 1305 826 caecitatis

929 840 1094 873 mulierem
1118 842 1248 881 reperit,

882 886 977 926 Cujus
1002 896 1098 926 prece
1121 897 1194 920 mox
1219 896 1390 928 suppressa

928 937 1020 966 nocte
1043 935 1148 967 lumen
1170 935 1276 967 rediit.

150 974 183 1006 3.
209 972 233 1004 O
259 980 334 1003 vere
359 972 524 1011 spirituale
811 981 848 1012 V.
878 980 1032 1020 Virginali
1056 982 1194 1021 puritate

253 1019 414 1058 speculum
439 1018 600 1057 ccclesiae,
927 1036 1062 1060 vernans
1087 1029 1233 1068 pueritia,

203 1067 242 1098 1n
267 1074 327 1104 quo
354 1065 435 1097 dona
461 1063 675 1097 confluxerunt
882 1072 1017 1105 Efficacj
1040 1073 1148 1107 floruit

251 1110 453 1143 multiformis
478 1112 608 1152 gratiae,
930 1121 1099 1153 sanstamm
1124 1122 1236 1162 grafia·

204 1159 268 1190 Vas
293 1157 462 1190 formatum
486 1159 520 1189 in
544 1158 694 1190 honorem

253 1214 347 1236 manu
371 1205 556 1246 sapientiae,

135 1253 174 1285 V.
204 1252 251 1283 Te
274 1254 379 1283 tutore
402 1252 555 1291 spiritalis

255 1298 409 1330 abscedat
433 1298 581 1338 nequitia,

208 1345 254 1377 Te
279 1345 409 1377 custode
433 1347 616 1385 perseveret

254 1392 399 1424 meritum
424 1395 456 1424 et
475 1392 586 1432 gratia.

826 1188 858 1219 2.
883 1187 983 1218 Tutor
1007 1188 1110 1228 gregis
1136 1191 1166 1219 et
1190 1188 1336 1227 provisor

930 1233 1044 1273 spiritu
1064 1235 1250 1274 prophetiae

876 1281 1106 1320 Praecognovit
1128 1282 1287 1313 inimicum

928 1328 1078 1359 latentem
1092 1329 1126 1360 in
1150 1328 1273 1369 arbore,

884 1374 948 1406 Sub
974 1383 1035 1414 qua
1059 1376 1107 1406 sui
1131 1374 1289 1407 refecturo

930 1421 1087 1460 parabant
1112 1422 1327 1462 discumbere3

812 1469 851 1501 V.
880 1468 991 1499 Hostis
1016 1467 1130 1501 fraude
1152 1468 1314 1509 patefacta

272 1519 318 1550 1n
344 1520 376 1551 3.
402 1519 626 1551 Nocturno.
931 1515 1005 1546 (1¹11ss
1028 1516 1181 1547 recedunt
1205 1524 1341 1556 ΡΓΟΡΘΓΘ

883 1561 1060 1600 Repentino
1087 1571 1189 1604 cursu,
1217 1566 1350 1595 cernunt

347 1583 543 1619 Antiphonae.
1177 1610 1184 1616 ¹

147 1642 163 1673 1
203 1640 255 1672 Ad
279 1648 405 1671 usuram
928 1607 1072 1640 arborem
1099 1610 1275 1641 concidere.

254 1686 342 1718 dedit
365 1695 427 1718 non
451 1686 613 1725 propriam
825 1675 855 1706 3.
881 1673 905 1705 O
930 1673 1027 1726 lucris
1045 1675 1202 1726 gaudens,

198 1733 262 1764 Sed
284 1732 411 1764 Domini
927 1719 1063 1763 Donum,
1090 1731 1153 1754 non
1179 1723 1309 1762 propria
1334 1732 1428 1763 quae-

250 1779 298 1810 sui
322 1779 496 1818 pecuniam,
1203 1778 1287 1809 rens,

203 1825 287 1857 ffine
312 1826 451 1864 ejusdem
880 1812 1011 1853 Suscipe
1034 1822 1206 1860 servorum,

250 1873 284 1903 in
308 1872 514 1904 tabernacula
926 1860 979 1900 Pie
1002 1863 1140 1903 praesul,
1165 1866 1239 1896 vota
1265 1867 1400 1908 tuorum,

202 1920 366 1959 Ingressus
390 1922 437 1950 est
810 1906 848 1938 V·
879 1907 903 1939 Ο
930 1916 1057 1940 0011801'8
1083 1910 1210 1950 Christi,

250 1966 299 1998 vir
323 1966 391 1997 sine
413 1966 545 1998 macula.
927 1963 1018 1994 <luem
1042 1960 1147 1989 mente
1169 1959 1224 1998 pia
1247 1960 1380 1993 coluisti.

145 2024 177 2056 2.
203 2023 240 2054 1n
261 2025 302 2064 te,
328 2022 424 2062 Deus,

250 2069 379 2101 Laudus
403 2069 595 2108 laudabitur,
1072 2059 1173 2087 Prosa.

203 2117 241 2148 In
265 2119 298 2147 te
321 2124 452 2155 sperans
883 2117 1016 2150 Virtutis
1040 2123 1168 2159 praesul

249 2172 312 2194 non
337 2163 583 2195 commovebitur
925 2166 1058 2207 egregie,

205 2210 310 2241 Vitam
335 2210 426 2251 enim,
877 2212 960 2244 Puer
985 2222 1017 2244 es
1042 2217 1203 2253 praelatus

249 2266 340 2295 quam
364 2266 385 2288 a
408 2260 440 2289 te
462 2257 564 2299 petiit,
925 2260 1086 2303 ecclesiae,

203 2304 239 2336 In
264 2306 427 2336 aeternum
878 2304 987 2337 Hostis
1012 2306 1159 2342 fraudem

248 2351 387 2383 victurus
411 2351 517 2385 subiit.
923 2354 1082 2392 nequitiae
