1650 2587
731 114 987 149 —231—

366 204 382 236 I
391 215 410 238 n
437 207 464 239 L
472 217 491 239 a
499 217 520 239 u
530 208 550 240 d
560 207 599 240 ib
611 219 629 241 u
639 219 665 243 s,

417 272 612 309 Antiphonae.

222 329 252 362 1.
280 327 414 361 Severus
436 331 635 363 severissime

326 375 448 417 Corpus
473 387 563 410 suum
587 380 735 421 edomuit,

278 422 333 454 Sic
357 432 431 457 suus
453 427 725 464 praestantissime

327 470 463 510 Spiritus
488 473 576 504 carni
600 472 748 512 praefuit.

220 528 252 560 2.
278 527 398 560 Rerum
422 528 506 560 hunc
529 531 750 568 temporalium

325 575 489 608 Possessio
512 585 576 608 non
600 577 723 621 polluit,

278 621 338 660 Qui
363 625 541 662 contempto
561 624 685 663 peculio

325 668 414 701 Nihil
439 670 500 702 sibi
524 671 663 703 retinuit.

221 726 252 757 3.
278 724 457 758 Meridian'o
484 727 628 759 daemoni

330 771 464 805 Severus
488 774 617 806 mittens
641 775 765 806 litteras

278 819 413 851 Dicens:
438 821 501 852 tuis
525 821 649 853 insidiis

325 866 471 906 Ligatum
496 868 603 899 statim
629 869 774 908 deseras;

279 913 432 955 Obtinuit,
458 915 543 954 quod
567 916 677 955 voluit,

278 960 440 992 Mandatis
467 962 599 993 daemon
623 963 740 1003 paruit.

220 1018 251 1048 4.
276 1016 393 1048 Rerum
420 1020 557 1049 actorem
584 1014 744 1060 [propere]

327 1064 492 1104 Praecepit
515 1064 702 1096 benedicere

276 1110 417 1150 Vinctos,
444 1120 520 1150 quos
544 1113 644 1144 traxit
666 1111 767 1143 libere

323 1157 527 1190 Brunehildis
554 1158 594 1189 de
619 1167 755 1192 carcere.

901 213 932 245 5.
958 210 1147 243 Discurrens
1172 219 1230 251 per
1255 212 1404 244 ecclesias

1007 257 1069 291 Suo
1094 258 1204 290 labore
1229 259 1371 291 conditas

959 305 1029 337 Deo
1055 304 1196 337 referens
1221 306 1339 345 gratias

1005 352 1109 385 Horas
1136 352 1314 392 complebat
1339 353 1471 385 debitas.

1072 436 1117 463 Ad
1136 435 1318 464 Benedictus.

921 516 927 524 .
958 491 1092 524 Severus
1118 493 1284 533 expiravit,

1006 539 1114 578 Ipsum
1138 549 1253 571 corona
1276 541 1396 580 gloriae

958 585 1105 618 Salvator
1128 588 1300 627 coronavit,

1003 634 1112 672 Ipsum
1137 634 1299 665 laudemus
1324 634 1428 676 hodie,

959 679 1056 718 Quem
1080 680 1166 712 Deus
1191 680 1380 714 sublimavit.

1021 793 1066 826 In
1092 795 1123 826 2.
1151 793 1371 832 VesperiS.

1074 868 1120 895 Ad
1138 866 1317 902 Magnificat.

921 948 928 956 .
960 925 985 957 O
1011 926 1104 956 stella
1129 925 1207 956 coeli
1232 923 1362 965 fulgida,

960 971 1110 1003 Nostrum
1134 971 1253 1004 Severe
1277 972 1433 1014 gaudium,

959 1018 1062 1051 Corda
1087 1021 1195 1050 nostra
1219 1017 1271 1049 fac
1295 1019 1420 1051 fervida

958 1065 1011 1096 Ad
1039 1066 1231 1105 diligendum
1255 1065 1355 1097 filium

960 1111 1031 1151 Dei,
1058 1112 1111 1151 qui
1134 1114 1208 1151 post
1231 1113 1376 1143 exsilium

961 1157 1002 1189 Se
1026 1159 1116 1191 nobis
1143 1159 1196 1190 det
1219 1159 1251 1189 in
1277 1159 1461 1199 praemium.

281 1232 367 1259 Brev.
387 1241 440 1260 ms.
461 1232 490 1260 S.
512 1233 646 1260 Mam-itii
664 1233 805 1260 Viennen.
826 1241 902 1261 saec.
925 1230 967 1260 15,
990 1232 1058 1260 Cod.
1074 1232 1206 1268 Chigian.
1228 1232 1255 1259 D
1274 1234 1318 1261 IV
1337 1231 1382 1261 59.
1414 1247 1452 1253 —⁴
1470 1233 1503 1261 In

206 1268 231 1297 1.
247 1270 336 1305 Vesp.
357 1269 394 1297 ad
406 1271 505 1306 Magn.
527 1268 558 1303 A,
580 1268 597 1297 8
617 1270 738 1298 Judaea.
759 1284 797 1289 —
815 1271 851 1298 In
872 1271 897 1298 1.
910 1270 994 1297 Noct.
1008 1267 1032 1296 A
1049 1269 1072 1305 1,
1097 1268 1111 1297 1
1131 1270 1200 1297 Idus
1222 1270 1325 1298 clarus.
1406 1269 1428 1296 A
1443 1268 1469 1303 2,
1489 1270 1509 1299 4

204 1308 294 1335 Valla
312 1308 413 1335 statim
433 1308 598 1342 abhorruit3
625 1309 679 1336 lies
698 1309 784 1336 Vana
804 1309 872 1336 oder
890 1306 1000 1335 Falsa?

1092 1306 1112 1333 Β
1136 1306 1159 1341 1,
1181 1306 1198 1335 3
1219 1307 1259 1334 Et
1279 1310 1381 1336 sancti.
1408 1324 1416 1328 -
1473 1308 1508 1336 In

205 1344 231 1372 2.
245 1346 329 1373 Noct.
351 1343 373 1371 A
396 1344 420 1379 1,
444 1344 458 1372 1
478 1346 607 1381 pellitus.
622 1361 659 1365 -
679 1344 701 1372 A
715 1344 741 1379 2,
761 1344 955 1375 4Liicke?—
975 1344 998 1372 A
1013 1342 1039 1378 3,
1063 1345 1077 1373 1
1099 1346 1153 1373 lies
1174 1345 1294 1373 deorum
1307 1349 1452 1373 vocatur*
1473 1361 1510 1366 -—

205 1382 228 1409 A
249 1381 275 1417 3,
296 1381 314 1410 3
333 1384 515 1418 precabatur.
540 1399 552 1402 -
598 1382 620 1410 A
641 1381 667 1416 3,
689 1382 706 1410 5
727 1392 783 1420 quo
805 1385 930 1421 ergtinzt.
959 1398 997 1403 —
1019 1381 1039 1408 Β
1060 1381 1087 1419 2,
1107 1381 1125 1410 8
1144 1384 1302 1418 Pangatur.
1356 1399 1361 1403 -
1383 1381 1403 1409 Β
1424 1381 1449 1416 2,
1474 1383 1508 1411 10

205 1421 245 1449 Se
263 1430 322 1448 non
342 1424 432 1456 paret.
460 1436 494 1440 —
523 1419 543 1447 Β
567 1418 592 1455 3,
616 1420 649 1449 11
671 1421 723 1449 lies
744 1422 906 1450 Germanus
927 1421 1062 1457 populis?
1089 1435 1126 1440 —
1152 1419 1172 1446 Β
1195 1418 1220 1455 0,
1242 1420 1258 1447 7
1278 1422 1314 1449 Iu
1333 1424 1445 1456 tupors.

206 1457 228 1485 Β
247 1456 274 1494 3,
298 1456 333 1485 12
361 1459 547 1487 obstentatio.
575 1473 611 1479 -ν
638 1460 674 1486 In
696 1456 721 1487 3.
743 1460 826 1487 Noct.
848 1458 870 1486 A
893 1458 916 1492 1,
939 1457 956 1486 5
976 1459 1085 1486 Seteris
1105 1460 1214 1494 nequit.
1242 1472 1280 1477 -—
1306 1458 1327 1485 A
1349 1457 1374 1491 2,
1399 1457 1412 1485 1
1432 1458 1510 1486 idem

203 1498 303 1523 iratur.
329 1511 367 1515 ν-
393 1495 415 1523 Α
436 1494 461 1530 3,
484 1495 501 1524 5
521 1496 674 1524 Ecclesiae
695 1498 821 1533 ergiinzt.
848 1512 886 1516 —
910 1495 930 1523 Β
954 1495 978 1529 1,
994 1494 1014 1523 4
1033 1505 1080 1524 ars
1101 1497 1189 1533 vulgo
1218 1510 1256 1514 —
1278 1494 1298 1522 Β
1321 1495 1344 1530 1,
1367 1494 1384 1523 9
1405 1496 1509 1524 Occur-

204 1537 297 1561 tatum
317 1542 410 1569 peano
430 1543 519 1562 more.
542 1549 580 1554 —
602 1532 622 1561 Β
643 1533 669 1568 2,
691 1533 708 1561 9
728 1535 819 1562 Ardet
838 1537 881 1562 sic
904 1536 1050 1562 incitator.
1072 1550 1109 1554 —
1130 1532 1150 1560 Β
1172 1532 1198 1567 2,
1222 1532 1256 1560 10
1277 1534 1402 1562 Sanctis.
1423 1548 1460 1553 —
1487 1533 1506 1560 Β

204 1570 230 1606 3,
256 1570 274 1600 3
297 1573 382 1599 Diem
402 1573 478 1600 festa
497 1572 580 1600 collit
600 1581 705 1600 annua.
730 1587 768 1592 —-
795 1570 815 1598 Β
836 1570 862 1606 3,
883 1571 903 1600 4
921 1573 978 1600 Pro
1000 1571 1101 1599 Severi
1122 1580 1228 1599 annua.
1263 1588 1298 1592 ⁷—
1332 1570 1352 1598 Β
1374 1569 1400 1606 3,
1421 1570 1437 1598 5
1459 1571 1510 1599 Sc-

202 1612 265 1637 veri
284 1610 364 1645 fehlt,
383 1619 435 1638 aus
456 1610 506 1637 der
526 1611 648 1645 vorigen
662 1611 742 1638 Zeile
762 1610 900 1638 entlehnt.
921 1626 959 1630 —
977 1610 1013 1637 In
1025 1610 1118 1638 Laud.
1141 1608 1163 1636 A
1183 1607 1209 1643 3,
1233 1607 1247 1636 1
1262 1610 1451 1638 Meridianus.
1469 1624 1506 1630 —-

204 1647 227 1675 A
248 1646 274 1681 5,
296 1645 313 1675 3
333 1650 444 1682 gratias
466 1649 594 1684 ergiinzt.

657 1750 703 1781 88.
745 1750 788 1780 De
807 1750 913 1781 sancto
935 1750 1057 1781 Severo.

332 1819 382 1851 In
410 1820 440 1853 1.
467 1821 494 1853 V
510 1821 684 1860 esperis.

393 1885 439 1912 Ad
458 1885 638 1920 Magnificat.

204 1946 244 1978 A.
274 1942 465 1982 Agathensis

322 1990 424 2029 gaude
450 1990 584 2021 diocesis

274 2037 321 2070 Ob
347 2036 456 2069 Severi

321 2084 423 2124 patris
448 2084 609 2128 solemnia,

273 2132 513 2171 Tranquilletur

320 2179 475 2211 bellorum
501 2178 677 2219 phrenesis,

274 2228 399 2267 Regnet
422 2225 514 2267 fides,

321 2283 385 2314 pax
411 2277 443 2305 et
467 2272 646 2316 concordia,

274 2323 486 2361 conquiescat

320 2372 424 2401 mater
449 2368 594 2411 ecclesia,

952 1820 1123 1861 Relegetur

1006 1868 1106 1907 dolus,
1132 1867 1231 1907 fraus,
1256 1868 1406 1910 haeresis,

955 1915 1075 1947 Nostra
1099 1915 1201 1948 Deum

1005 1963 1165 1994 collaudet
1189 1962 1356 2002 phronesis

958 2007 1156 2041 Confessoris

1005 2065 1138 2088 narrans
1164 2057 1344 2096 praeconia.

1020 2131 1080 2164 Ad
1104 2132 1326 2164 Matutinu
1340 2141 1381 2165 m.

1092 2183 1307 2211 Invitatorium.

959 2226 1084 2258 Christo
1109 2227 1186 2267 regi,
1212 2226 1281 2258 Deo
1307 2235 1392 2267 vero,

958 2273 1135 2306 Jubilemus
1159 2275 1194 2306 in
1219 2274 1347 2315 Severo,

959 2321 1054 2360 Quem
1087 2322 1129 2354 ad
1156 2322 1274 2354 coelum
1302 2322 1349 2354 vis
1374 2331 1512 2362 superna

957 2368 1019 2400 Die
1044 2370 1131 2403 vexit
1154 2369 1319 2404 hodierna.
