<?xml version="1.0" encoding="UTF-8"?>
<!DOCTYPE html PUBLIC "-//W3C//DTD XHTML 1.0 Transitional//EN"
    "http://www.w3.org/TR/xhtml1/DTD/xhtml1-transitional.dtd">
<html xmlns="http://www.w3.org/1999/xhtml" xml:lang="en" lang="en">
 <head>
  <title>
</title>
<meta http-equiv="Content-Type" content="text/html;charset=utf-8" />
  <meta name='ocr-system' content='tesseract 3.04.00' />
  <meta name='ocr-capabilities' content='ocr_page ocr_carea ocr_par ocr_line ocrx_word'/>
</head>
<body>
  <div class='ocr_page' id='page_1' title='image "./analectahymnica18drevuoft_00225.png"; bbox 0 0 1650 2587; ppageno 0'>
   <div class='ocr_carea' id='block_1_1' title="bbox 672 124 926 157">
    <p class='ocr_par' dir='ltr' id='par_1_1' title="bbox 672 124 926 157">
     <span class='ocr_line' id='line_1_1' title="bbox 672 124 926 157; baseline 0 0"><span class='ocrx_word' id='word_1_1' title='bbox 672 124 926 157; x_wconf 81' lang='lat'>—222—</span> 
     </span>
    </p>
   </div>
   <div class='ocr_carea' id='block_1_2' title="bbox 346 217 585 254">
    <p class='ocr_par' dir='ltr' id='par_1_2' title="bbox 346 217 585 254">
     <span class='ocr_line' id='line_1_2' title="bbox 346 217 585 254; baseline -0.013 -7"><span class='ocrx_word' id='word_1_2' title='bbox 346 220 391 247; x_wconf 78' lang='lat' dir='ltr'>Ad</span> <span class='ocrx_word' id='word_1_3' title='bbox 409 217 585 254; x_wconf 80' lang='lat' dir='ltr'>Magnificat.</span> 
     </span>
    </p>
   </div>
   <div class='ocr_carea' id='block_1_3' title="bbox 189 285 697 560">
    <p class='ocr_par' dir='ltr' id='par_1_3' title="bbox 189 285 697 560">
     <span class='ocr_line' id='line_1_3' title="bbox 189 285 621 325; baseline -0.014 -4"><span class='ocrx_word' id='word_1_4' title='bbox 189 315 196 321; x_wconf 92' lang='lat'>.</span> <span class='ocrx_word' id='word_1_5' title='bbox 225 286 453 324; x_wconf 87' lang='lat' dir='ltr'>Sanctificetur,</span> <span class='ocrx_word' id='word_1_6' title='bbox 478 285 621 325; x_wconf 79' lang='lat' dir='ltr'>Domine,</span> 
     </span>
     <span class='ocr_line' id='line_1_4' title="bbox 224 330 645 370; baseline -0.007 -5"><span class='ocrx_word' id='word_1_7' title='bbox 224 334 346 365; x_wconf 84' lang='lat' dir='ltr'>Nomen</span> <span class='ocrx_word' id='word_1_8' title='bbox 370 335 457 364; x_wconf 84' lang='lat' dir='ltr'>tuum</span> <span class='ocrx_word' id='word_1_9' title='bbox 480 332 549 363; x_wconf 89' lang='lat' dir='ltr'>sine</span> <span class='ocrx_word' id='word_1_10' title='bbox 572 330 645 370; x_wconf 89' lang='lat' dir='ltr'>fine,</span> 
     </span>
     <span class='ocr_line' id='line_1_5' title="bbox 222 378 677 418; baseline -0.007 -6"><span class='ocrx_word' id='word_1_11' title='bbox 222 381 281 418; x_wconf 79' lang='lat' dir='ltr'>Qui</span> <span class='ocrx_word' id='word_1_12' title='bbox 302 380 476 412; x_wconf 85' lang='lat' dir='ltr'>Robertum</span> <span class='ocrx_word' id='word_1_13' title='bbox 500 378 677 417; x_wconf 82' lang='lat' dir='ltr'>coaequasti</span> 
     </span>
     <span class='ocr_line' id='line_1_6' title="bbox 224 425 624 459; baseline -0.01 0"><span class='ocrx_word' id='word_1_14' title='bbox 224 427 347 459; x_wconf 81' lang='lat' dir='ltr'>Sanctis</span> <span class='ocrx_word' id='word_1_15' title='bbox 371 425 433 457; x_wconf 87' lang='lat' dir='ltr'>tuis</span> <span class='ocrx_word' id='word_1_16' title='bbox 459 427 490 455; x_wconf 90' lang='lat' dir='ltr'>et</span> <span class='ocrx_word' id='word_1_17' title='bbox 512 425 624 456; x_wconf 80' lang='lat' dir='ltr'>locasti</span> 
     </span>
     <span class='ocr_line' id='line_1_7' title="bbox 223 471 641 513; baseline -0.01 -8"><span class='ocrx_word' id='word_1_18' title='bbox 223 474 261 505; x_wconf 84' lang='lat'>111</span> <span class='ocrx_word' id='word_1_19' title='bbox 286 481 490 513; x_wconf 85' lang='lat' dir='ltr'>supernorum</span> <span class='ocrx_word' id='word_1_20' title='bbox 513 471 641 502; x_wconf 85' lang='lat' dir='ltr'>sedibus</span> 
     </span>
     <span class='ocr_line' id='line_1_8' title="bbox 223 517 697 560; baseline -0.006 -9"><span class='ocrx_word' id='word_1_21' title='bbox 223 521 362 560; x_wconf 85' lang='lat' dir='ltr'>Jungens</span> <span class='ocrx_word' id='word_1_22' title='bbox 388 518 543 550; x_wconf 84' lang='lat' dir='ltr'>coelorum</span> <span class='ocrx_word' id='word_1_23' title='bbox 569 517 697 551; x_wconf 90' lang='lat' dir='ltr'>civibus.</span> 
     </span>
    </p>
   </div>
   <div class='ocr_carea' id='block_1_4' title="bbox 284 639 630 672">
    <p class='ocr_par' dir='ltr' id='par_1_4' title="bbox 284 639 630 672">
     <span class='ocr_line' id='line_1_9' title="bbox 284 639 630 672; baseline -0.003 -1"><span class='ocrx_word' id='word_1_24' title='bbox 284 641 343 672; x_wconf 89' lang='lat' dir='ltr'>Ad</span> <span class='ocrx_word' id='word_1_25' title='bbox 368 639 630 672; x_wconf 77' lang='lat' dir='ltr'>Matutinum.</span> 
     </span>
    </p>
   </div>
   <div class='ocr_carea' id='block_1_5' title="bbox 353 714 564 741">
    <p class='ocr_par' dir='ltr' id='par_1_5' title="bbox 353 714 564 741">
     <span class='ocr_line' id='line_1_10' title="bbox 353 714 564 741; baseline -0.005 0"><span class='ocrx_word' id='word_1_26' title='bbox 353 714 564 741; x_wconf 83' lang='lat' dir='ltr'>Invitatorium.</span> 
     </span>
    </p>
   </div>
   <div class='ocr_carea' id='block_1_6' title="bbox 220 770 712 950">
    <p class='ocr_par' dir='ltr' id='par_1_6' title="bbox 220 770 712 950">
     <span class='ocr_line' id='line_1_11' title="bbox 220 770 691 804; baseline 0 -2"><span class='ocrx_word' id='word_1_27' title='bbox 220 771 341 803; x_wconf 81' lang='lat' dir='ltr'>Nomen</span> <span class='ocrx_word' id='word_1_28' title='bbox 367 770 484 804; x_wconf 85' lang='lat' dir='ltr'>Christi</span> <span class='ocrx_word' id='word_1_29' title='bbox 510 770 691 802; x_wconf 87' lang='lat' dir='ltr'>confitentes</span> 
     </span>
     <span class='ocr_line' id='line_1_12' title="bbox 225 817 712 858; baseline 0.002 -10"><span class='ocrx_word' id='word_1_30' title='bbox 225 818 308 849; x_wconf 89' lang='lat' dir='ltr'>Huic</span> <span class='ocrx_word' id='word_1_31' title='bbox 330 817 438 849; x_wconf 87' lang='lat' dir='ltr'>offerte</span> <span class='ocrx_word' id='word_1_32' title='bbox 461 826 558 856; x_wconf 86' lang='lat' dir='ltr'>puras</span> <span class='ocrx_word' id='word_1_33' title='bbox 581 821 712 858; x_wconf 88' lang='lat' dir='ltr'>mentes,</span> 
     </span>
     <span class='ocr_line' id='line_1_13' title="bbox 223 864 676 902; baseline 0.002 -8"><span class='ocrx_word' id='word_1_34' title='bbox 223 864 282 902; x_wconf 75' lang='lat' dir='ltr'>Qui</span> <span class='ocrx_word' id='word_1_35' title='bbox 305 864 444 896; x_wconf 83' lang='lat' dir='ltr'>Roberto</span> <span class='ocrx_word' id='word_1_36' title='bbox 472 872 569 902; x_wconf 84' lang='lat' dir='ltr'>regna</span> <span class='ocrx_word' id='word_1_37' title='bbox 592 864 676 895; x_wconf 84' lang='lat' dir='ltr'>vitae</span> 
     </span>
     <span class='ocr_line' id='line_1_14' title="bbox 222 911 630 950; baseline 0.002 -8"><span class='ocrx_word' id='word_1_38' title='bbox 222 911 329 950; x_wconf 83' lang='lat' dir='ltr'><strong>Dedit,</strong></span> <span class='ocrx_word' id='word_1_39' title='bbox 354 913 427 943; x_wconf 85' lang='lat' dir='ltr'>vota</span> <span class='ocrx_word' id='word_1_40' title='bbox 450 911 630 949; x_wconf 87' lang='lat' dir='ltr'>persolvite.</span> 
     </span>
    </p>
   </div>
   <div class='ocr_carea' id='block_1_7' title="bbox 278 1031 634 1065">
    <p class='ocr_par' dir='ltr' id='par_1_7' title="bbox 278 1031 634 1065">
     <span class='ocr_line' id='line_1_15' title="bbox 278 1031 634 1065; baseline 0.003 -2"><span class='ocrx_word' id='word_1_41' title='bbox 278 1032 323 1063; x_wconf 89' lang='lat' dir='ltr'>In</span> <span class='ocrx_word' id='word_1_42' title='bbox 349 1032 379 1064; x_wconf 83' lang='lat'>1.</span> <span class='ocrx_word' id='word_1_43' title='bbox 405 1031 634 1065; x_wconf 85' lang='lat' dir='ltr'>NocturnO.</span> 
     </span>
    </p>
   </div>
   <div class='ocr_carea' id='block_1_8' title="bbox 365 1105 556 1140">
    <p class='ocr_par' dir='ltr' id='par_1_8' title="bbox 365 1105 556 1140">
     <span class='ocr_line' id='line_1_16' title="bbox 365 1105 556 1140; baseline -0.005 -7"><span class='ocrx_word' id='word_1_44' title='bbox 365 1105 556 1140; x_wconf 61' lang='lat' dir='ltr'>Antiphonem.</span> 
     </span>
    </p>
   </div>
   <div class='ocr_carea' id='block_1_9' title="bbox 189 1161 750 1435">
    <p class='ocr_par' dir='ltr' id='par_1_9' title="bbox 189 1161 750 1204">
     <span class='ocr_line' id='line_1_17' title="bbox 189 1161 750 1204; baseline -0.004 -8"><span class='ocrx_word' id='word_1_45' title='bbox 189 1190 196 1196; x_wconf 94' lang='lat'>.</span> <span class='ocrx_word' id='word_1_46' title='bbox 222 1163 332 1204; x_wconf 83' lang='lat' dir='ltr'>Tuum⁷</span> <span class='ocrx_word' id='word_1_47' title='bbox 362 1161 494 1201; x_wconf 81' lang='lat' dir='ltr'>Christe,</span> <span class='ocrx_word' id='word_1_48' title='bbox 520 1171 644 1202; x_wconf 83' lang='lat' dir='ltr'><strong>gregem</strong></span> <span class='ocrx_word' id='word_1_49' title='bbox 668 1163 750 1194; x_wconf 79' lang='lat' dir='ltr'>rexit</span> 
     </span>
    </p>

    <p class='ocr_par' dir='ltr' id='par_1_10' title="bbox 222 1209 656 1241">
     <span class='ocr_line' id='line_1_18' title="bbox 222 1209 656 1241; baseline 0 -1"><span class='ocrx_word' id='word_1_50' title='bbox 222 1209 284 1240; x_wconf 86' lang='lat' dir='ltr'>Hic</span> <span class='ocrx_word' id='word_1_51' title='bbox 306 1209 462 1241; x_wconf 86' lang='lat' dir='ltr'>Rcbcrtus</span> <span class='ocrx_word' id='word_1_52' title='bbox 488 1211 520 1239; x_wconf 90' lang='lat' dir='ltr'>et</span> <span class='ocrx_word' id='word_1_53' title='bbox 544 1210 656 1240; x_wconf 81' lang='lat' dir='ltr'>dilexit</span> 
     </span>
    </p>

    <p class='ocr_par' dir='ltr' id='par_1_11' title="bbox 223 1256 634 1295">
     <span class='ocr_line' id='line_1_19' title="bbox 223 1256 634 1295; baseline -0.002 -8"><span class='ocrx_word' id='word_1_54' title='bbox 223 1256 340 1295; x_wconf 80' lang='lat' dir='ltr'>Legem</span> <span class='ocrx_word' id='word_1_55' title='bbox 366 1256 480 1287; x_wconf 86' lang='lat' dir='ltr'>docens</span> <span class='ocrx_word' id='word_1_56' title='bbox 505 1256 634 1295; x_wconf 81' lang='lat' dir='ltr'>gratiae,</span> 
     </span>
    </p>

    <p class='ocr_par' dir='ltr' id='par_1_12' title="bbox 224 1300 730 1335">
     <span class='ocr_line' id='line_1_20' title="bbox 224 1300 730 1335; baseline 0 -1"><span class='ocrx_word' id='word_1_57' title='bbox 224 1302 288 1334; x_wconf 87' lang='lat' dir='ltr'>Sed</span> <span class='ocrx_word' id='word_1_58' title='bbox 314 1301 454 1334; x_wconf 87' lang='lat' dir='ltr'>docendo</span> <span class='ocrx_word' id='word_1_59' title='bbox 479 1300 616 1333; x_wconf 85' lang='lat' dir='ltr'>fructum</span> <span class='ocrx_word' id='word_1_60' title='bbox 642 1303 730 1335; x_wconf 88' lang='lat' dir='ltr'>dedit</span> 
     </span>
    </p>

    <p class='ocr_par' dir='ltr' id='par_1_13' title="bbox 221 1349 661 1435">
     <span class='ocr_line' id='line_1_21' title="bbox 221 1349 661 1381; baseline 0 -1"><span class='ocrx_word' id='word_1_61' title='bbox 221 1349 279 1381; x_wconf 86' lang='lat' dir='ltr'>Vir</span> <span class='ocrx_word' id='word_1_62' title='bbox 302 1349 412 1380; x_wconf 88' lang='lat' dir='ltr'>beatus</span> <span class='ocrx_word' id='word_1_63' title='bbox 438 1351 468 1379; x_wconf 86' lang='lat' dir='ltr'>et</span> <span class='ocrx_word' id='word_1_64' title='bbox 491 1357 553 1380; x_wconf 90' lang='lat' dir='ltr'>non</span> <span class='ocrx_word' id='word_1_65' title='bbox 578 1349 661 1380; x_wconf 88' lang='lat' dir='ltr'>sedit</span> 
     </span>
     <span class='ocr_line' id='line_1_22' title="bbox 269 1395 578 1435; baseline 0.003 -8"><span class='ocrx_word' id='word_1_66' title='bbox 269 1395 351 1427; x_wconf 85' lang='lat' dir='ltr'>Sede</span> <span class='ocrx_word' id='word_1_67' title='bbox 371 1395 578 1435; x_wconf 80' lang='lat' dir='ltr'>pestilentiae.</span> 
     </span>
    </p>
   </div>
   <div class='ocr_carea' id='block_1_10' title="bbox 165 1460 660 1504">
    <p class='ocr_par' dir='ltr' id='par_1_14' title="bbox 165 1460 660 1504">
     <span class='ocr_line' id='line_1_23' title="bbox 165 1460 660 1504; baseline -0.002 -11"><span class='ocrx_word' id='word_1_68' title='bbox 165 1469 194 1493; x_wconf 91' lang='lat'>·.</span> <span class='ocrx_word' id='word_1_69' title='bbox 220 1461 380 1493; x_wconf 85' lang='lat' dir='ltr'>Adveniat</span> <span class='ocrx_word' id='word_1_70' title='bbox 405 1463 500 1500; x_wconf 84' lang='lat' dir='ltr'>tuum,</span> <span class='ocrx_word' id='word_1_71' title='bbox 528 1460 660 1504; x_wconf 79' lang='lat' dir='ltr'>Christe,</span> 
     </span>
    </p>
   </div>
   <div class='ocr_carea' id='block_1_11' title="bbox 219 1507 709 1634">
    <p class='ocr_par' dir='ltr' id='par_1_15' title="bbox 219 1507 709 1634">
     <span class='ocr_line' id='line_1_24' title="bbox 221 1507 655 1548; baseline -0.002 -8"><span class='ocrx_word' id='word_1_72' title='bbox 221 1509 370 1547; x_wconf 84' lang='lat' dir='ltr'>Regnum,</span> <span class='ocrx_word' id='word_1_73' title='bbox 396 1510 432 1537; x_wconf 87' lang='lat' dir='ltr'>ut</span> <span class='ocrx_word' id='word_1_74' title='bbox 457 1507 561 1538; x_wconf 87' lang='lat' dir='ltr'>docuit</span> <span class='ocrx_word' id='word_1_75' title='bbox 585 1508 655 1548; x_wconf 86' lang='lat' dir='ltr'>iste,</span> 
     </span>
     <span class='ocr_line' id='line_1_25' title="bbox 221 1554 685 1594; baseline 0 -8"><span class='ocrx_word' id='word_1_76' title='bbox 221 1554 336 1586; x_wconf 84' lang='lat' dir='ltr'>Sancto</span> <span class='ocrx_word' id='word_1_77' title='bbox 360 1556 465 1587; x_wconf 89' lang='lat' dir='ltr'>monte</span> <span class='ocrx_word' id='word_1_78' title='bbox 491 1554 685 1594; x_wconf 86' lang='lat' dir='ltr'>constitutus,</span> 
     </span>
     <span class='ocr_line' id='line_1_26' title="bbox 219 1600 709 1634; baseline 0.004 -2"><span class='ocrx_word' id='word_1_79' title='bbox 219 1601 276 1632; x_wconf 81' lang='lat' dir='ltr'>Fit</span> <span class='ocrx_word' id='word_1_80' title='bbox 298 1602 351 1633; x_wconf 85' lang='lat' dir='ltr'>hic</span> <span class='ocrx_word' id='word_1_81' title='bbox 374 1600 509 1633; x_wconf 89' lang='lat' dir='ltr'>mundus</span> <span class='ocrx_word' id='word_1_82' title='bbox 535 1600 709 1634; x_wconf 85' lang='lat' dir='ltr'>destitutus.</span> 
     </span>
    </p>
   </div>
   <div class='ocr_carea' id='block_1_12' title="bbox 188 1666 766 1849">
    <p class='ocr_par' dir='ltr' id='par_1_16' title="bbox 188 1666 747 1792">
     <span class='ocr_line' id='line_1_27' title="bbox 188 1666 747 1707; baseline 0 -9"><span class='ocrx_word' id='word_1_83' title='bbox 188 1691 194 1698; x_wconf 85' lang='lat'>.</span> <span class='ocrx_word' id='word_1_84' title='bbox 225 1667 364 1706; x_wconf 77' lang='lat' dir='ltr'>Regnum</span> <span class='ocrx_word' id='word_1_85' title='bbox 388 1666 497 1698; x_wconf 89' lang='lat' dir='ltr'>mundi</span> <span class='ocrx_word' id='word_1_86' title='bbox 521 1666 595 1705; x_wconf 83' lang='lat' dir='ltr'>quia</span> <span class='ocrx_word' id='word_1_87' title='bbox 618 1667 747 1707; x_wconf 88' lang='lat' dir='ltr'>sprevit,</span> 
     </span>
     <span class='ocr_line' id='line_1_28' title="bbox 218 1712 662 1752; baseline -0.002 -7"><span class='ocrx_word' id='word_1_88' title='bbox 218 1714 256 1745; x_wconf 91' lang='lat' dir='ltr'>In</span> <span class='ocrx_word' id='word_1_89' title='bbox 282 1713 407 1745; x_wconf 85' lang='lat' dir='ltr'>virtutis</span> <span class='ocrx_word' id='word_1_90' title='bbox 432 1712 528 1744; x_wconf 92' lang='lat' dir='ltr'>verbo</span> <span class='ocrx_word' id='word_1_91' title='bbox 554 1714 662 1752; x_wconf 89' lang='lat' dir='ltr'>crevit,</span> 
     </span>
     <span class='ocr_line' id='line_1_29' title="bbox 221 1759 610 1792; baseline -0.005 -1"><span class='ocrx_word' id='word_1_92' title='bbox 221 1761 422 1792; x_wconf 85' lang='lat' dir='ltr'>Invocantem</span> <span class='ocrx_word' id='word_1_93' title='bbox 448 1759 610 1790; x_wconf 81' lang='lat' dir='ltr'>exaudivit</span> 
     </span>
    </p>

    <p class='ocr_par' dir='ltr' id='par_1_17' title="bbox 220 1806 766 1849">
     <span class='ocr_line' id='line_1_30' title="bbox 220 1806 766 1849; baseline 0.002 -12"><span class='ocrx_word' id='word_1_94' title='bbox 220 1806 322 1849; x_wconf 84' lang='lat' dir='ltr'>Illum,</span> <span class='ocrx_word' id='word_1_95' title='bbox 346 1806 497 1847; x_wconf 82' lang='lat' dir='ltr'>Christus,</span> <span class='ocrx_word' id='word_1_96' title='bbox 517 1814 585 1837; x_wconf 91' lang='lat' dir='ltr'>cum</span> <span class='ocrx_word' id='word_1_97' title='bbox 603 1815 662 1846; x_wconf 88' lang='lat' dir='ltr'>quo</span> <span class='ocrx_word' id='word_1_98' title='bbox 678 1807 766 1838; x_wconf 86' lang='lat' dir='ltr'>vivit.</span> 
     </span>
    </p>
   </div>
   <div class='ocr_carea' id='block_1_13' title="bbox 188 1871 719 2146">
    <p class='ocr_par' dir='ltr' id='par_1_18' title="bbox 188 1871 689 1912">
     <span class='ocr_line' id='line_1_31' title="bbox 188 1871 689 1912; baseline -0.002 -7"><span class='ocrx_word' id='word_1_99' title='bbox 188 1898 195 1905; x_wconf 94' lang='lat'>.</span> <span class='ocrx_word' id='word_1_100' title='bbox 220 1872 331 1912; x_wconf 88' lang='lat' dir='ltr'>Tuum,</span> <span class='ocrx_word' id='word_1_101' title='bbox 354 1872 450 1911; x_wconf 72' lang='lat' dir='ltr'>Deu5‚</span> <span class='ocrx_word' id='word_1_102' title='bbox 476 1872 518 1903; x_wconf 88' lang='lat' dir='ltr'>ad</span> <span class='ocrx_word' id='word_1_103' title='bbox 540 1871 689 1904; x_wconf 86' lang='lat' dir='ltr'>honorem</span> 
     </span>
    </p>

    <p class='ocr_par' dir='ltr' id='par_1_19' title="bbox 221 1919 719 2052">
     <span class='ocr_line' id='line_1_32' title="bbox 221 1919 719 1960; baseline -0.002 -9"><span class='ocrx_word' id='word_1_104' title='bbox 221 1920 464 1958; x_wconf 86' lang='lat' dir='ltr'>Proclamamus,</span> <span class='ocrx_word' id='word_1_105' title='bbox 490 1920 525 1950; x_wconf 89' lang='lat' dir='ltr'>tu</span> <span class='ocrx_word' id='word_1_106' title='bbox 544 1919 719 1960; x_wconf 88' lang='lat' dir='ltr'>clamorem,</span> 
     </span>
     <span class='ocr_line' id='line_1_33' title="bbox 268 1966 590 2005; baseline -0.003 -8"><span class='ocrx_word' id='word_1_107' title='bbox 268 1966 325 1998; x_wconf 87' lang='lat' dir='ltr'>Pie</span> <span class='ocrx_word' id='word_1_108' title='bbox 349 1975 415 2004; x_wconf 80' lang='lat' dir='ltr'>rex,</span> <span class='ocrx_word' id='word_1_109' title='bbox 440 1966 590 2005; x_wconf 85' lang='lat' dir='ltr'>intellige,</span> 
     </span>
     <span class='ocr_line' id='line_1_34' title="bbox 268 2012 649 2052; baseline -0.003 -8"><span class='ocrx_word' id='word_1_110' title='bbox 268 2013 416 2044; x_wconf 86' lang='lat' dir='ltr'>Nostram</span> <span class='ocrx_word' id='word_1_111' title='bbox 440 2012 522 2044; x_wconf 86' lang='lat' dir='ltr'>viam</span> <span class='ocrx_word' id='word_1_112' title='bbox 548 2012 649 2052; x_wconf 87' lang='lat' dir='ltr'>dirige</span> 
     </span>
    </p>

    <p class='ocr_par' dir='ltr' id='par_1_20' title="bbox 222 2059 702 2146">
     <span class='ocr_line' id='line_1_35' title="bbox 222 2059 702 2099; baseline 0 -8"><span class='ocrx_word' id='word_1_113' title='bbox 222 2060 327 2099; x_wconf 83' lang='lat' dir='ltr'>Atque</span> <span class='ocrx_word' id='word_1_114' title='bbox 351 2059 442 2091; x_wconf 83' lang='lat' dir='ltr'>fessis</span> <span class='ocrx_word' id='word_1_115' title='bbox 466 2062 540 2098; x_wconf 88' lang='lat' dir='ltr'>post</span> <span class='ocrx_word' id='word_1_116' title='bbox 561 2059 702 2091; x_wconf 87' lang='lat' dir='ltr'>laborem</span> 
     </span>
     <span class='ocr_line' id='line_1_36' title="bbox 265 2107 665 2146; baseline 0.003 -8"><span class='ocrx_word' id='word_1_117' title='bbox 265 2107 394 2139; x_wconf 86' lang='lat' dir='ltr'>Manum</span> <span class='ocrx_word' id='word_1_118' title='bbox 419 2108 504 2137; x_wconf 86' lang='lat' dir='ltr'>tuam</span> <span class='ocrx_word' id='word_1_119' title='bbox 529 2107 665 2146; x_wconf 87' lang='lat' dir='ltr'>porrige.</span> 
     </span>
    </p>
   </div>
   <div class='ocr_carea' id='block_1_14' title="bbox 189 2162 716 2338">
    <p class='ocr_par' dir='ltr' id='par_1_21' title="bbox 189 2162 716 2338">
     <span class='ocr_line' id='line_1_37' title="bbox 189 2162 672 2203; baseline -0.004 -7"><span class='ocrx_word' id='word_1_120' title='bbox 189 2190 196 2196; x_wconf 94' lang='lat'>.</span> <span class='ocrx_word' id='word_1_121' title='bbox 220 2162 295 2194; x_wconf 84' lang='lat' dir='ltr'>Fiat</span> <span class='ocrx_word' id='word_1_122' title='bbox 318 2163 376 2195; x_wconf 87' lang='lat' dir='ltr'>tibi</span> <span class='ocrx_word' id='word_1_123' title='bbox 399 2165 539 2194; x_wconf 89' lang='lat' dir='ltr'>nostrum</span> <span class='ocrx_word' id='word_1_124' title='bbox 563 2163 672 2203; x_wconf 82' lang='lat' dir='ltr'>melos,</span> 
     </span>
     <span class='ocr_line' id='line_1_38' title="bbox 266 2210 685 2252; baseline 0 -11"><span class='ocrx_word' id='word_1_125' title='bbox 266 2210 335 2241; x_wconf 76' lang='lat' dir='ltr'>Rex</span> <span class='ocrx_word' id='word_1_126' title='bbox 358 2210 455 2249; x_wconf 87' lang='lat' dir='ltr'>Deus,</span> <span class='ocrx_word' id='word_1_127' title='bbox 480 2210 685 2252; x_wconf 84' lang='lat' dir='ltr'>acceptabile,</span> 
     </span>
     <span class='ocr_line' id='line_1_39' title="bbox 220 2256 716 2296; baseline 0.002 -8"><span class='ocrx_word' id='word_1_128' title='bbox 220 2256 301 2288; x_wconf 89' lang='lat' dir='ltr'>Nam</span> <span class='ocrx_word' id='word_1_129' title='bbox 326 2259 411 2288; x_wconf 85' lang='lat' dir='ltr'>terra</span> <span class='ocrx_word' id='word_1_130' title='bbox 435 2265 590 2296; x_wconf 86' lang='lat' dir='ltr'>superque</span> <span class='ocrx_word' id='word_1_131' title='bbox 615 2258 716 2289; x_wconf 83' lang='lat' dir='ltr'>caelos</span> 
     </span>
     <span class='ocr_line' id='line_1_40' title="bbox 267 2303 676 2338; baseline 0.005 -3"><span class='ocrx_word' id='word_1_132' title='bbox 267 2303 387 2335; x_wconf 90' lang='lat' dir='ltr'>Nomen</span> <span class='ocrx_word' id='word_1_133' title='bbox 413 2306 499 2335; x_wconf 91' lang='lat' dir='ltr'>tuum</span> <span class='ocrx_word' id='word_1_134' title='bbox 522 2304 676 2338; x_wconf 87' lang='lat' dir='ltr'>mirabile.</span> 
     </span>
    </p>
   </div>
   <div class='ocr_carea' id='block_1_15' title="bbox 186 2359 770 2451">
    <p class='ocr_par' dir='ltr' id='par_1_22' title="bbox 186 2359 770 2451">
     <span class='ocr_line' id='line_1_41' title="bbox 186 2359 697 2393; baseline -0.004 0"><span class='ocrx_word' id='word_1_135' title='bbox 186 2385 193 2393; x_wconf 88' lang='lat'><strong><em>.</em></strong></span> <span class='ocrx_word' id='word_1_136' title='bbox 219 2359 372 2392; x_wconf 87' lang='lat' dir='ltr'>Voluntas</span> <span class='ocrx_word' id='word_1_137' title='bbox 399 2362 452 2391; x_wconf 87' lang='lat' dir='ltr'>tua</span> <span class='ocrx_word' id='word_1_138' title='bbox 474 2359 557 2391; x_wconf 87' lang='lat' dir='ltr'>bona</span> <span class='ocrx_word' id='word_1_139' title='bbox 580 2360 697 2391; x_wconf 85' lang='lat' dir='ltr'>nemini</span> 
     </span>
     <span class='ocr_line' id='line_1_42' title="bbox 219 2404 770 2451; baseline 0 -12"><span class='ocrx_word' id='word_1_140' title='bbox 219 2404 770 2451; x_wconf 82' lang='lat' dir='ltr'>Nocetsedprodest[omnihomini],</span> 
     </span>
    </p>
   </div>
   <div class='ocr_carea' id='block_1_16' title="bbox 826 790 862 822">
    <p class='ocr_par' dir='ltr' id='par_1_23' title="bbox 826 790 862 822">
     <span class='ocr_line' id='line_1_43' title="bbox 826 790 862 822; baseline 0.028 -1"><span class='ocrx_word' id='word_1_141' title='bbox 826 790 862 822; x_wconf 94' lang='lat' dir='ltr'>V.</span> 
     </span>
    </p>
   </div>
   <div class='ocr_carea' id='block_1_17' title="bbox 822 1266 861 1298">
    <p class='ocr_par' dir='ltr' id='par_1_24' title="bbox 822 1266 861 1298">
     <span class='ocr_line' id='line_1_44' title="bbox 822 1266 861 1298; baseline 0 0"><span class='ocrx_word' id='word_1_142' title='bbox 822 1266 861 1298; x_wconf 90' lang='lat' dir='ltr'>V.</span> 
     </span>
    </p>
   </div>
   <div class='ocr_carea' id='block_1_18' title="bbox 836 1370 866 1401">
    <p class='ocr_par' dir='ltr' id='par_1_25' title="bbox 836 1370 866 1401">
     <span class='ocr_line' id='line_1_45' title="bbox 836 1370 866 1401; baseline 0 0"><span class='ocrx_word' id='word_1_143' title='bbox 836 1370 866 1401; x_wconf 88' lang='lat'>3.</span> 
     </span>
    </p>
   </div>
   <div class='ocr_carea' id='block_1_19' title="bbox 827 1788 863 1821">
    <p class='ocr_par' dir='ltr' id='par_1_26' title="bbox 827 1788 863 1821">
     <span class='ocr_line' id='line_1_46' title="bbox 827 1788 863 1821; baseline 0.056 -2"><span class='ocrx_word' id='word_1_144' title='bbox 827 1788 863 1821; x_wconf 85' lang='lat' dir='ltr'>V.</span> 
     </span>
    </p>
   </div>
   <div class='ocr_carea' id='block_1_20' title="bbox 823 2267 862 2300">
    <p class='ocr_par' dir='ltr' id='par_1_27' title="bbox 823 2267 862 2300">
     <span class='ocr_line' id='line_1_47' title="bbox 823 2267 862 2300; baseline 0.026 -1"><span class='ocrx_word' id='word_1_145' title='bbox 823 2267 862 2300; x_wconf 89' lang='lat' dir='ltr'>V.</span> 
     </span>
    </p>
   </div>
   <div class='ocr_carea' id='block_1_21' title="bbox 895 217 1447 344">
    <p class='ocr_par' dir='ltr' id='par_1_28' title="bbox 895 217 1447 344">
     <span class='ocr_line' id='line_1_48' title="bbox 895 217 1416 249; baseline 0 0"><span class='ocrx_word' id='word_1_146' title='bbox 895 218 1016 249; x_wconf 83' lang='lat' dir='ltr'>Bonum</span> <span class='ocrx_word' id='word_1_147' title='bbox 1040 217 1072 249; x_wconf 89' lang='lat' dir='ltr'>in</span> <span class='ocrx_word' id='word_1_148' title='bbox 1097 217 1231 249; x_wconf 88' lang='lat' dir='ltr'>Domino</span> <span class='ocrx_word' id='word_1_149' title='bbox 1258 217 1416 249; x_wconf 88' lang='lat' dir='ltr'>confidere</span> 
     </span>
     <span class='ocr_line' id='line_1_49' title="bbox 897 262 1447 308; baseline 0.002 -12"><span class='ocrx_word' id='word_1_150' title='bbox 897 264 940 296; x_wconf 91' lang='lat' dir='ltr'>Et</span> <span class='ocrx_word' id='word_1_151' title='bbox 959 264 992 296; x_wconf 96' lang='grc'>111</span> <span class='ocrx_word' id='word_1_152' title='bbox 1011 264 1136 297; x_wconf 84' lang='lat' dir='ltr'>Christo</span> <span class='ocrx_word' id='word_1_153' title='bbox 1156 273 1241 303; x_wconf 86' lang='lat' dir='ltr'>spem</span> <span class='ocrx_word' id='word_1_154' title='bbox 1263 262 1373 308; x_wconf 82' lang='lat' dir='ltr'>[suam]</span> <span class='ocrx_word' id='word_1_155' title='bbox 1391 274 1447 304; x_wconf 88' lang='lat' dir='ltr'>po-</span> 
     </span>
     <span class='ocr_line' id='line_1_50' title="bbox 1219 320 1303 344; baseline 0.012 -1"><span class='ocrx_word' id='word_1_156' title='bbox 1219 320 1303 344; x_wconf 83' lang='lat' dir='ltr'>nere.</span> 
     </span>
    </p>
   </div>
   <div class='ocr_carea' id='block_1_22' title="bbox 1032 404 1237 440">
    <p class='ocr_par' dir='ltr' id='par_1_29' title="bbox 1032 404 1237 440">
     <span class='ocr_line' id='line_1_51' title="bbox 1032 404 1237 440; baseline -0.01 -8"><span class='ocrx_word' id='word_1_157' title='bbox 1032 404 1237 440; x_wconf 85' lang='lat' dir='ltr'>Responsoria.</span> 
     </span>
    </p>
   </div>
   <div class='ocr_carea' id='block_1_23' title="bbox 864 461 1365 503">
    <p class='ocr_par' dir='ltr' id='par_1_30' title="bbox 864 461 1365 503">
     <span class='ocr_line' id='line_1_52' title="bbox 864 461 1365 503; baseline -0.008 -8"><span class='ocrx_word' id='word_1_158' title='bbox 864 489 871 496; x_wconf 92' lang='lat'>.</span> <span class='ocrx_word' id='word_1_159' title='bbox 897 462 975 503; x_wconf 84' lang='lat' dir='ltr'>Tua,</span> <span class='ocrx_word' id='word_1_160' title='bbox 1003 461 1136 500; x_wconf 83' lang='lat' dir='ltr'>Christe,</span> <span class='ocrx_word' id='word_1_161' title='bbox 1162 463 1234 492; x_wconf 82' lang='lat' dir='ltr'>sunt</span> <span class='ocrx_word' id='word_1_162' title='bbox 1259 469 1365 502; x_wconf 77' lang='lat' dir='ltr'>opera,</span> 
     </span>
    </p>
   </div>
   <div class='ocr_carea' id='block_1_24' title="bbox 891 507 1405 962">
    <p class='ocr_par' dir='ltr' id='par_1_31' title="bbox 895 507 1405 687">
     <span class='ocr_line' id='line_1_53' title="bbox 897 507 1385 547; baseline -0.002 -8"><span class='ocrx_word' id='word_1_163' title='bbox 897 508 987 547; x_wconf 67' lang='lat' dir='ltr'>Quod</span> <span class='ocrx_word' id='word_1_164' title='bbox 1011 507 1168 540; x_wconf 85' lang='lat' dir='ltr'>Robertus</span> <span class='ocrx_word' id='word_1_165' title='bbox 1193 510 1228 538; x_wconf 89' lang='lat' dir='ltr'>ut</span> <span class='ocrx_word' id='word_1_166' title='bbox 1251 507 1385 545; x_wconf 82' lang='lat' dir='ltr'>aridum,</span> 
     </span>
     <span class='ocr_line' id='line_1_54' title="bbox 895 553 1405 594; baseline 0 -8"><span class='ocrx_word' id='word_1_167' title='bbox 895 555 1051 594; x_wconf 83' lang='lat' dir='ltr'>Despexit</span> <span class='ocrx_word' id='word_1_168' title='bbox 1073 554 1224 586; x_wconf 87' lang='lat' dir='ltr'>mundum</span> <span class='ocrx_word' id='word_1_169' title='bbox 1249 553 1405 587; x_wconf 83' lang='lat' dir='ltr'>floridum.</span> 
     </span>
     <span class='ocr_line' id='line_1_55' title="bbox 895 601 1280 633; baseline -0.005 0"><span class='ocrx_word' id='word_1_170' title='bbox 895 602 1037 633; x_wconf 85' lang='lat' dir='ltr'>Talentis</span> <span class='ocrx_word' id='word_1_171' title='bbox 1062 601 1123 632; x_wconf 87' lang='lat' dir='ltr'>sibi</span> <span class='ocrx_word' id='word_1_172' title='bbox 1149 601 1280 633; x_wconf 84' lang='lat' dir='ltr'>creditis</span> 
     </span>
     <span class='ocr_line' id='line_1_56' title="bbox 895 648 1272 687; baseline -0.005 -7"><span class='ocrx_word' id='word_1_173' title='bbox 895 648 1116 687; x_wconf 85' lang='lat' dir='ltr'>Multiplicatis</span> <span class='ocrx_word' id='word_1_174' title='bbox 1140 648 1272 687; x_wconf 89' lang='lat' dir='ltr'>meritis,</span> 
     </span>
    </p>

    <p class='ocr_par' dir='ltr' id='par_1_32' title="bbox 891 695 1375 821">
     <span class='ocr_line' id='line_1_57' title="bbox 895 695 1375 727; baseline 0.002 -1"><span class='ocrx_word' id='word_1_175' title='bbox 895 695 967 727; x_wconf 79' lang='lat' dir='ltr'>Jam</span> <span class='ocrx_word' id='word_1_176' title='bbox 992 695 1163 726; x_wconf 87' lang='lat' dir='ltr'>translatus</span> <span class='ocrx_word' id='word_1_177' title='bbox 1187 695 1221 726; x_wconf 90' lang='lat' dir='ltr'>in</span> <span class='ocrx_word' id='word_1_178' title='bbox 1246 695 1375 727; x_wconf 87' lang='lat' dir='ltr'>aethera</span> 
     </span>
     <span class='ocr_line' id='line_1_58' title="bbox 894 742 1307 781; baseline 0.005 -8"><span class='ocrx_word' id='word_1_179' title='bbox 894 743 1035 774; x_wconf 82' lang='lat' dir='ltr'>Aeterna</span> <span class='ocrx_word' id='word_1_180' title='bbox 1060 742 1146 781; x_wconf 82' lang='lat' dir='ltr'>capit</span> <span class='ocrx_word' id='word_1_181' title='bbox 1168 750 1307 775; x_wconf 86' lang='lat' dir='ltr'>munera.</span> 
     </span>
     <span class='ocr_line' id='line_1_59' title="bbox 891 789 1234 821; baseline -0.003 -1"><span class='ocrx_word' id='word_1_182' title='bbox 891 789 978 821; x_wconf 87' lang='lat' dir='ltr'>Sicut</span> <span class='ocrx_word' id='word_1_183' title='bbox 1004 789 1097 820; x_wconf 88' lang='lat' dir='ltr'>stella</span> <span class='ocrx_word' id='word_1_184' title='bbox 1122 789 1234 820; x_wconf 87' lang='lat' dir='ltr'>claruit</span> 
     </span>
    </p>

    <p class='ocr_par' dir='ltr' id='par_1_33' title="bbox 894 836 1243 868">
     <span class='ocr_line' id='line_1_60' title="bbox 894 836 1243 868; baseline -0.003 -1"><span class='ocrx_word' id='word_1_185' title='bbox 894 836 1014 868; x_wconf 87' lang='lat' dir='ltr'>Mundo</span> <span class='ocrx_word' id='word_1_186' title='bbox 1039 838 1166 867; x_wconf 86' lang='lat' dir='ltr'>sanctus</span> <span class='ocrx_word' id='word_1_187' title='bbox 1190 836 1243 866; x_wconf 89' lang='lat' dir='ltr'>hic</span> 
     </span>
    </p>

    <p class='ocr_par' dir='ltr' id='par_1_34' title="bbox 893 881 1254 923">
     <span class='ocr_line' id='line_1_61' title="bbox 893 881 1254 923; baseline 0 -10"><span class='ocrx_word' id='word_1_188' title='bbox 893 883 938 914; x_wconf 86' lang='lat' dir='ltr'>Et</span> <span class='ocrx_word' id='word_1_189' title='bbox 960 885 996 913; x_wconf 90' lang='lat' dir='ltr'>ut</span> <span class='ocrx_word' id='word_1_190' title='bbox 1018 883 1125 923; x_wconf 84' lang='lat' dir='ltr'>palma</span> <span class='ocrx_word' id='word_1_191' title='bbox 1147 881 1254 914; x_wconf 87' lang='lat' dir='ltr'>floruit</span> 
     </span>
    </p>

    <p class='ocr_par' dir='ltr' id='par_1_35' title="bbox 893 929 1210 962">
     <span class='ocr_line' id='line_1_62' title="bbox 893 929 1210 962; baseline 0 -1"><span class='ocrx_word' id='word_1_192' title='bbox 893 930 931 961; x_wconf 86' lang='lat' dir='ltr'>1n</span> <span class='ocrx_word' id='word_1_193' title='bbox 958 930 1048 961; x_wconf 89' lang='lat' dir='ltr'>domo</span> <span class='ocrx_word' id='word_1_194' title='bbox 1073 929 1210 962; x_wconf 90' lang='lat' dir='ltr'>Domini.</span> 
     </span>
    </p>
   </div>
   <div class='ocr_carea' id='block_1_25' title="bbox 892 985 1359 1344">
    <p class='ocr_par' dir='ltr' id='par_1_36' title="bbox 892 985 1359 1344">
     <span class='ocr_line' id='line_1_63' title="bbox 894 985 1336 1024; baseline -0.002 -7"><span class='ocrx_word' id='word_1_195' title='bbox 894 987 932 1017; x_wconf 91' lang='lat' dir='ltr'>In</span> <span class='ocrx_word' id='word_1_196' title='bbox 956 986 1073 1017; x_wconf 81' lang='lat' dir='ltr'>sanctis</span> <span class='ocrx_word' id='word_1_197' title='bbox 1098 994 1131 1016; x_wconf 89' lang='lat' dir='ltr'>es</span> <span class='ocrx_word' id='word_1_198' title='bbox 1155 985 1336 1024; x_wconf 87' lang='lat' dir='ltr'>laudabilis,</span> 
     </span>
     <span class='ocr_line' id='line_1_64' title="bbox 894 1032 1250 1073; baseline 0 -10"><span class='ocrx_word' id='word_1_199' title='bbox 894 1032 1063 1071; x_wconf 71' lang='lat' dir='ltr'>Maiestate</span> <span class='ocrx_word' id='word_1_200' title='bbox 1085 1032 1250 1073; x_wconf 87' lang='lat' dir='ltr'>mirabilis,</span> 
     </span>
     <span class='ocr_line' id='line_1_65' title="bbox 893 1079 1310 1119; baseline 0 -10"><span class='ocrx_word' id='word_1_201' title='bbox 893 1079 990 1118; x_wconf 85' lang='lat' dir='ltr'>Deus,</span> <span class='ocrx_word' id='word_1_202' title='bbox 1018 1081 1139 1110; x_wconf 87' lang='lat' dir='ltr'>creator</span> <span class='ocrx_word' id='word_1_203' title='bbox 1164 1079 1310 1119; x_wconf 87' lang='lat' dir='ltr'>omnium,</span> 
     </span>
     <span class='ocr_line' id='line_1_66' title="bbox 893 1124 1294 1165; baseline 0 -9"><span class='ocrx_word' id='word_1_204' title='bbox 893 1125 1003 1165; x_wconf 80' lang='lat' dir='ltr'>Jungis</span> <span class='ocrx_word' id='word_1_205' title='bbox 1027 1125 1129 1157; x_wconf 83' lang='lat' dir='ltr'>turbis</span> <span class='ocrx_word' id='word_1_206' title='bbox 1153 1124 1294 1157; x_wconf 86' lang='lat' dir='ltr'>fidelium</span> 
     </span>
     <span class='ocr_line' id='line_1_67' title="bbox 892 1171 1359 1211; baseline 0.002 -9"><span class='ocrx_word' id='word_1_207' title='bbox 892 1172 1062 1203; x_wconf 82' lang='lat' dir='ltr'>Robertum</span> <span class='ocrx_word' id='word_1_208' title='bbox 1087 1175 1174 1203; x_wconf 84' lang='lat' dir='ltr'>tuum</span> <span class='ocrx_word' id='word_1_209' title='bbox 1198 1171 1359 1211; x_wconf 84' lang='lat' dir='ltr'>famulum,</span> 
     </span>
     <span class='ocr_line' id='line_1_68' title="bbox 893 1217 1340 1258; baseline -0.004 -7"><span class='ocrx_word' id='word_1_210' title='bbox 893 1219 940 1251; x_wconf 91' lang='lat' dir='ltr'>Ut</span> <span class='ocrx_word' id='word_1_211' title='bbox 963 1217 1082 1258; x_wconf 78' lang='lat' dir='ltr'>fulgeat</span> <span class='ocrx_word' id='word_1_212' title='bbox 1105 1219 1139 1249; x_wconf 91' lang='lat' dir='ltr'>in</span> <span class='ocrx_word' id='word_1_213' title='bbox 1163 1219 1340 1258; x_wconf 80' lang='lat' dir='ltr'>saeculum3</span> 
     </span>
     <span class='ocr_line' id='line_1_69' title="bbox 893 1264 1310 1297; baseline 0 -1"><span class='ocrx_word' id='word_1_214' title='bbox 893 1265 986 1297; x_wconf 90' lang='lat' dir='ltr'>Coelo</span> <span class='ocrx_word' id='word_1_215' title='bbox 1011 1268 1135 1296; x_wconf 82' lang='lat' dir='ltr'>sanctos</span> <span class='ocrx_word' id='word_1_216' title='bbox 1160 1264 1310 1296; x_wconf 87' lang='lat' dir='ltr'>laetificas</span> 
     </span>
     <span class='ocr_line' id='line_1_70' title="bbox 892 1311 1295 1344; baseline 0 -1"><span class='ocrx_word' id='word_1_217' title='bbox 892 1312 936 1343; x_wconf 88' lang='lat' dir='ltr'>Et</span> <span class='ocrx_word' id='word_1_218' title='bbox 960 1312 993 1343; x_wconf 90' lang='lat' dir='ltr'>in</span> <span class='ocrx_word' id='word_1_219' title='bbox 1019 1312 1112 1343; x_wconf 88' lang='lat' dir='ltr'>terris</span> <span class='ocrx_word' id='word_1_220' title='bbox 1135 1311 1295 1344; x_wconf 86' lang='lat' dir='ltr'>mirificas.</span> 
     </span>
    </p>
   </div>
   <div class='ocr_carea' id='block_1_26' title="bbox 892 1368 1337 1965">
    <p class='ocr_par' dir='ltr' id='par_1_37' title="bbox 892 1368 1337 1965">
     <span class='ocr_line' id='line_1_71' title="bbox 892 1368 1300 1408; baseline 0.002 -9"><span class='ocrx_word' id='word_1_221' title='bbox 892 1368 934 1399; x_wconf 83' lang='lat' dir='ltr'>Et</span> <span class='ocrx_word' id='word_1_222' title='bbox 958 1368 1044 1399; x_wconf 84' lang='lat' dir='ltr'>Deus</span> <span class='ocrx_word' id='word_1_223' title='bbox 1070 1370 1118 1399; x_wconf 88' lang='lat' dir='ltr'>est</span> <span class='ocrx_word' id='word_1_224' title='bbox 1141 1371 1174 1398; x_wconf 89' lang='lat' dir='ltr'>et</span> <span class='ocrx_word' id='word_1_225' title='bbox 1196 1368 1300 1408; x_wconf 87' lang='lat' dir='ltr'>homo,</span> 
     </span>
     <span class='ocr_line' id='line_1_72' title="bbox 939 1415 1288 1455; baseline 0.003 -10"><span class='ocrx_word' id='word_1_226' title='bbox 939 1415 996 1454; x_wconf 77' lang='lat' dir='ltr'>Qui</span> <span class='ocrx_word' id='word_1_227' title='bbox 1024 1417 1131 1446; x_wconf 82' lang='lat' dir='ltr'>cuncta</span> <span class='ocrx_word' id='word_1_228' title='bbox 1159 1416 1288 1455; x_wconf 86' lang='lat' dir='ltr'>creavit,</span> 
     </span>
     <span class='ocr_line' id='line_1_73' title="bbox 895 1461 1283 1501; baseline 0.003 -9"><span class='ocrx_word' id='word_1_229' title='bbox 895 1462 953 1500; x_wconf 73' lang='lat' dir='ltr'>Qui</span> <span class='ocrx_word' id='word_1_230' title='bbox 976 1461 1010 1492; x_wconf 90' lang='lat' dir='ltr'>in</span> <span class='ocrx_word' id='word_1_231' title='bbox 1030 1470 1167 1501; x_wconf 87' lang='lat' dir='ltr'>superna</span> <span class='ocrx_word' id='word_1_232' title='bbox 1193 1462 1283 1494; x_wconf 89' lang='lat' dir='ltr'>domo</span> 
     </span>
     <span class='ocr_line' id='line_1_74' title="bbox 941 1508 1239 1548; baseline -0.003 -8"><span class='ocrx_word' id='word_1_233' title='bbox 941 1508 1079 1540; x_wconf 89' lang='lat' dir='ltr'>Roberto</span> <span class='ocrx_word' id='word_1_234' title='bbox 1104 1508 1239 1548; x_wconf 87' lang='lat' dir='ltr'>paravit,</span> 
     </span>
     <span class='ocr_line' id='line_1_75' title="bbox 896 1554 1337 1595; baseline 0.007 -10"><span class='ocrx_word' id='word_1_235' title='bbox 896 1554 1009 1586; x_wconf 87' lang='lat' dir='ltr'>Sedem</span> <span class='ocrx_word' id='word_1_236' title='bbox 1035 1563 1103 1585; x_wconf 90' lang='lat' dir='ltr'>eum</span> <span class='ocrx_word' id='word_1_237' title='bbox 1124 1555 1337 1595; x_wconf 75' lang='lat' dir='ltr'>principibu53</span> 
     </span>
     <span class='ocr_line' id='line_1_76' title="bbox 894 1601 1297 1640; baseline 0.002 -8"><span class='ocrx_word' id='word_1_238' title='bbox 894 1601 958 1632; x_wconf 86' lang='lat' dir='ltr'>Hic</span> <span class='ocrx_word' id='word_1_239' title='bbox 981 1611 1037 1632; x_wconf 91' lang='lat' dir='ltr'>nos</span> <span class='ocrx_word' id='word_1_240' title='bbox 1062 1602 1126 1632; x_wconf 87' lang='lat' dir='ltr'>suis</span> <span class='ocrx_word' id='word_1_241' title='bbox 1150 1602 1297 1640; x_wconf 87' lang='lat' dir='ltr'>precibus</span> 
     </span>
     <span class='ocr_line' id='line_1_77' title="bbox 895 1648 1256 1680; baseline 0.003 -1"><span class='ocrx_word' id='word_1_242' title='bbox 895 1648 1026 1679; x_wconf 86' lang='lat' dir='ltr'>Paratas</span> <span class='ocrx_word' id='word_1_243' title='bbox 1050 1648 1141 1679; x_wconf 88' lang='lat' dir='ltr'>nobis</span> <span class='ocrx_word' id='word_1_244' title='bbox 1165 1649 1256 1680; x_wconf 88' lang='lat' dir='ltr'>sedes</span> 
     </span>
     <span class='ocr_line' id='line_1_78' title="bbox 893 1694 1231 1727; baseline 0.006 -2"><span class='ocrx_word' id='word_1_245' title='bbox 893 1694 997 1726; x_wconf 81' lang='lat' dir='ltr'>Ducat</span> <span class='ocrx_word' id='word_1_246' title='bbox 1019 1697 1053 1726; x_wconf 91' lang='lat' dir='ltr'>ut</span> <span class='ocrx_word' id='word_1_247' title='bbox 1078 1695 1231 1727; x_wconf 88' lang='lat' dir='ltr'>haeredes</span> 
     </span>
     <span class='ocr_line' id='line_1_79' title="bbox 896 1742 1243 1775; baseline 0.006 -2"><span class='ocrx_word' id='word_1_248' title='bbox 896 1742 948 1773; x_wconf 92' lang='lat' dir='ltr'>Ad</span> <span class='ocrx_word' id='word_1_249' title='bbox 971 1744 1114 1773; x_wconf 84' lang='lat' dir='ltr'>aeternas</span> <span class='ocrx_word' id='word_1_250' title='bbox 1139 1743 1243 1775; x_wconf 83' lang='lat' dir='ltr'>aedes.</span> 
     </span>
     <span class='ocr_line' id='line_1_80' title="bbox 892 1788 1231 1821; baseline 0.003 -2"><span class='ocrx_word' id='word_1_251' title='bbox 892 1788 930 1819; x_wconf 86' lang='lat' dir='ltr'>In</span> <span class='ocrx_word' id='word_1_252' title='bbox 956 1788 1080 1820; x_wconf 90' lang='lat' dir='ltr'>domum</span> <span class='ocrx_word' id='word_1_253' title='bbox 1104 1789 1231 1821; x_wconf 88' lang='lat' dir='ltr'>Domini</span> 
     </span>
     <span class='ocr_line' id='line_1_81' title="bbox 940 1835 1259 1876; baseline 0.006 -10"><span class='ocrx_word' id='word_1_254' title='bbox 940 1835 1110 1867; x_wconf 84' lang='lat' dir='ltr'>Laetantes</span> <span class='ocrx_word' id='word_1_255' title='bbox 1134 1836 1259 1876; x_wconf 87' lang='lat' dir='ltr'>ibimus,</span> 
     </span>
     <span class='ocr_line' id='line_1_82' title="bbox 895 1881 1301 1916; baseline 0.007 -3"><span class='ocrx_word' id='word_1_256' title='bbox 895 1881 929 1913; x_wconf 87' lang='lat' dir='ltr'>Si</span> <span class='ocrx_word' id='word_1_257' title='bbox 953 1882 1026 1913; x_wconf 89' lang='lat' dir='ltr'>huie</span> <span class='ocrx_word' id='word_1_258' title='bbox 1049 1885 1157 1914; x_wconf 86' lang='lat' dir='ltr'>sancto</span> <span class='ocrx_word' id='word_1_259' title='bbox 1182 1884 1301 1916; x_wconf 85' lang='lat' dir='ltr'>homini</span> 
     </span>
     <span class='ocr_line' id='line_1_83' title="bbox 940 1928 1290 1965; baseline 0.014 -6"><span class='ocrx_word' id='word_1_260' title='bbox 940 1928 1022 1960; x_wconf 87' lang='lat' dir='ltr'>Fide</span> <span class='ocrx_word' id='word_1_261' title='bbox 1046 1930 1290 1965; x_wconf 83' lang='lat' dir='ltr'>adhaeserimus.</span> 
     </span>
    </p>
   </div>
   <div class='ocr_carea' id='block_1_27' title="bbox 862 1985 1374 2020">
    <p class='ocr_par' dir='ltr' id='par_1_38' title="bbox 862 1985 1374 2020">
     <span class='ocr_line' id='line_1_84' title="bbox 862 1985 1374 2020; baseline 0.01 -5"><span class='ocrx_word' id='word_1_262' title='bbox 862 2007 868 2015; x_wconf 97' lang='lat'>.</span> <span class='ocrx_word' id='word_1_263' title='bbox 894 1985 994 2017; x_wconf 84' lang='lat' dir='ltr'>Terra</span> <span class='ocrx_word' id='word_1_264' title='bbox 1017 1989 1127 2018; x_wconf 86' lang='lat' dir='ltr'>nostra</span> <span class='ocrx_word' id='word_1_265' title='bbox 1152 1987 1241 2019; x_wconf 84' lang='lat' dir='ltr'>dedit</span> <span class='ocrx_word' id='word_1_266' title='bbox 1265 1986 1374 2020; x_wconf 86' lang='lat' dir='ltr'>florem</span> 
     </span>
    </p>
   </div>
   <div class='ocr_carea' id='block_1_28' title="bbox 889 2031 1430 2444">
    <p class='ocr_par' dir='ltr' id='par_1_39' title="bbox 889 2031 1430 2444">
     <span class='ocr_line' id='line_1_85' title="bbox 893 2031 1425 2074; baseline 0.009 -11"><span class='ocrx_word' id='word_1_267' title='bbox 893 2032 937 2064; x_wconf 88' lang='lat' dir='ltr'>Et</span> <span class='ocrx_word' id='word_1_268' title='bbox 959 2031 1017 2064; x_wconf 84' lang='lat' dir='ltr'>flos</span> <span class='ocrx_word' id='word_1_269' title='bbox 1043 2031 1189 2074; x_wconf 84' lang='lat' dir='ltr'>fructum,</span> <span class='ocrx_word' id='word_1_270' title='bbox 1218 2035 1272 2066; x_wconf 85' lang='lat' dir='ltr'>dat</span> <span class='ocrx_word' id='word_1_271' title='bbox 1297 2036 1425 2067; x_wconf 84' lang='lat' dir='ltr'>odorem</span> 
     </span>
     <span class='ocr_line' id='line_1_86' title="bbox 939 2079 1376 2123; baseline 0.009 -13"><span class='ocrx_word' id='word_1_272' title='bbox 939 2079 1076 2111; x_wconf 84' lang='lat' dir='ltr'>Fructus</span> <span class='ocrx_word' id='word_1_273' title='bbox 1101 2083 1175 2112; x_wconf 82' lang='lat' dir='ltr'>ante</span> <span class='ocrx_word' id='word_1_274' title='bbox 1197 2081 1376 2123; x_wconf 85' lang='lat' dir='ltr'>Dominum,</span> 
     </span>
     <span class='ocr_line' id='line_1_87' title="bbox 889 2126 1372 2170; baseline 0.008 -13"><span class='ocrx_word' id='word_1_275' title='bbox 889 2126 950 2158; x_wconf 89' lang='lat' dir='ltr'>Est</span> <span class='ocrx_word' id='word_1_276' title='bbox 973 2126 1130 2159; x_wconf 85' lang='lat' dir='ltr'>Robertus</span> <span class='ocrx_word' id='word_1_277' title='bbox 1155 2127 1277 2161; x_wconf 88' lang='lat' dir='ltr'>fruetus</span> <span class='ocrx_word' id='word_1_278' title='bbox 1300 2129 1372 2170; x_wconf 85' lang='lat' dir='ltr'>iste,</span> 
     </span>
     <span class='ocr_line' id='line_1_88' title="bbox 894 2173 1430 2218; baseline 0.009 -14"><span class='ocrx_word' id='word_1_279' title='bbox 894 2173 952 2212; x_wconf 72' lang='lat' dir='ltr'>Qui</span> <span class='ocrx_word' id='word_1_280' title='bbox 978 2175 1128 2213; x_wconf 85' lang='lat' dir='ltr'>expendit</span> <span class='ocrx_word' id='word_1_281' title='bbox 1151 2176 1269 2216; x_wconf 86' lang='lat' dir='ltr'>vivens,</span> <span class='ocrx_word' id='word_1_282' title='bbox 1296 2177 1430 2218; x_wconf 87' lang='lat' dir='ltr'>Christe,</span> 
     </span>
     <span class='ocr_line' id='line_1_89' title="bbox 938 2221 1340 2257; baseline 0.007 -4"><span class='ocrx_word' id='word_1_283' title='bbox 938 2221 976 2253; x_wconf 90' lang='lat' dir='ltr'>In</span> <span class='ocrx_word' id='word_1_284' title='bbox 999 2223 1032 2252; x_wconf 86' lang='lat' dir='ltr'>te</span> <span class='ocrx_word' id='word_1_285' title='bbox 1055 2222 1140 2254; x_wconf 85' lang='lat' dir='ltr'>vitae</span> <span class='ocrx_word' id='word_1_286' title='bbox 1163 2223 1340 2257; x_wconf 89' lang='lat' dir='ltr'>terminum.</span> 
     </span>
     <span class='ocr_line' id='line_1_90' title="bbox 891 2268 1215 2309; baseline 0.006 -10"><span class='ocrx_word' id='word_1_287' title='bbox 891 2268 1008 2299; x_wconf 83' lang='lat' dir='ltr'>Panem</span> <span class='ocrx_word' id='word_1_288' title='bbox 1032 2270 1215 2309; x_wconf 85' lang='lat' dir='ltr'>angelorum</span> 
     </span>
     <span class='ocr_line' id='line_1_91' title="bbox 942 2314 1273 2349; baseline 0.012 -4"><span class='ocrx_word' id='word_1_289' title='bbox 942 2314 995 2346; x_wconf 87' lang='lat' dir='ltr'>Sic</span> <span class='ocrx_word' id='word_1_290' title='bbox 1018 2315 1109 2347; x_wconf 92' lang='lat' dir='ltr'>homo</span> <span class='ocrx_word' id='word_1_291' title='bbox 1136 2318 1273 2349; x_wconf 87' lang='lat' dir='ltr'>comedit</span> 
     </span>
     <span class='ocr_line' id='line_1_92' title="bbox 893 2361 1213 2396; baseline 0.013 -4"><span class='ocrx_word' id='word_1_292' title='bbox 893 2361 937 2393; x_wconf 85' lang='lat' dir='ltr'>Et</span> <span class='ocrx_word' id='word_1_293' title='bbox 960 2362 993 2393; x_wconf 91' lang='lat' dir='ltr'>in</span> <span class='ocrx_word' id='word_1_294' title='bbox 1017 2363 1069 2395; x_wconf 81' lang='lat' dir='ltr'>via</span> <span class='ocrx_word' id='word_1_295' title='bbox 1092 2373 1213 2396; x_wconf 82' lang='lat' dir='ltr'>morum</span> 
     </span>
     <span class='ocr_line' id='line_1_93' title="bbox 940 2408 1323 2444; baseline 0.005 -3"><span class='ocrx_word' id='word_1_296' title='bbox 940 2408 1040 2442; x_wconf 90' lang='lat' dir='ltr'>Nobis</span> <span class='ocrx_word' id='word_1_297' title='bbox 1065 2409 1199 2443; x_wconf 85' lang='lat' dir='ltr'>formam</span> <span class='ocrx_word' id='word_1_298' title='bbox 1225 2411 1323 2444; x_wconf 87' lang='lat' dir='ltr'>dedit.</span> 
     </span>
    </p>
   </div>
  </div>
 </body>
</html>
