1651 2588
333 165 379 196 In
406 164 435 198 1.
461 165 518 197 No
530 169 690 198 eturno.

414 228 607 266 Antiphonae.

241 310 247 317 .
276 286 447 327 Gregorius
473 288 567 320 elaris

322 333 411 366 fulsit
434 335 593 367 natalibus
616 338 712 378 ortus,

275 380 449 412 Doctrinae
472 382 586 413 studiis

322 427 462 459 moribus
487 430 581 468 atque
605 428 677 467 piis.

241 508 247 514 .
276 483 433 515 Germinis
459 485 576 525 egregii

320 531 443 570 genitus
470 531 509 562 de
533 532 634 571 stirpe
657 534 784 563 senatus

276 577 365 609 Sicut
389 576 447 609 flos
473 578 588 609 mundo

321 624 443 663 prodiit
467 624 607 656 eximius.

247 705 253 711 .
280 680 432 712 Traditus
457 680 500 712 ad
524 680 655 721 sophiae

323 726 441 759 teneris
466 728 645 759 rudimenta
657 728 714 760 sub
733 728 823 761 annis

279 774 434 806 Doctores
459 775 580 806 studuit

325 821 533 861 aequiparare
554 822 653 854 brevi.

414 895 620 930 Responsoria.

243 976 250 983 .
277 952 339 984 Hic
363 960 442 992 puer
465 953 608 993 insignis,

326 1000 431 1031 divino
456 1000 567 1039 plenus
592 1009 696 1031 amore

277 1044 436 1078 Vineebat
460 1045 589 1086 fragiles

325 1093 456 1124 maturis
481 1093 623 1124 sensibus
648 1102 744 1125 annos

244 1166 250 1172 .
280 1138 421 1171 Virtutes
445 1147 585 1178 servans,

326 1185 474 1217 vitiorum
498 1186 642 1225 pondera
666 1186 801 1218 calcans

247 1266 252 1271 .
279 1242 357 1273 Post
379 1240 534 1272 lubricum
558 1244 681 1280 tempus

327 1296 478 1327 superans
503 1289 615 1320 aetatis
640 1289 768 1321 adultae

278 1334 456 1366 Munditiae
479 1335 596 1366 nitidos

327 1381 453 1413 ornavit
475 1379 604 1413 floribus
630 1384 716 1413 artus

241 1452 248 1459 .
277 1428 323 1459 Et
346 1428 496 1468 templum
521 1428 622 1460 saneti

326 1483 360 1506 se
384 1474 513 1514 spiritus
539 1484 608 1507 esse
630 1475 765 1515 paravit.

247 1557 254 1563 .
279 1532 351 1564 Jam
376 1531 424 1563 vir
447 1532 616 1571 praecipuo

325 1580 400 1609 tune
423 1577 638 1610 sublimandus
663 1577 780 1609 honore

281 1623 430 1655 Efficitur
454 1625 602 1663 princeps

329 1671 510 1702 Aeduorum
527 1671 641 1702 missus
657 1671 698 1702 ad
716 1671 824 1702 urbem

243 1741 250 1748 .
281 1717 413 1750 Justitia
437 1717 605 1749 comitante
629 1725 739 1756 regens

330 1763 392 1795 sibi
417 1764 539 1795 credita
558 1765 640 1803 jura.

342 1858 386 1890 In
413 1858 443 1890 2.
470 1856 697 1889 Nocturno.

423 1921 616 1957 Antiphonae.

247 2005 254 2013 .
284 1979 417 2011 Virtutis
441 1979 567 2010 laudem

328 2028 417 2058 cauto
442 2025 617 2057 vibramine
640 2034 775 2064 pensans

283 2074 411 2113 Aequus
436 2075 505 2104 erat
527 2074 633 2110 rectiS,

327 2120 515 2160 implacidus
540 2119 680 2153 tumidis.

250 2205 256 2211 .
284 2178 413 2216 Integer
436 2176 594 2208 illecebris

328 2224 430 2256 earnis
456 2224 599 2263 contagia
620 2223 750 2262 sprevit,

284 2272 394 2304 Donec
417 2270 588 2310 legitimum

329 2319 489 2357 exciperet
512 2318 695 2351 thalamum.

831 72 875 107 90

894 168 925 200 3.
951 167 1094 199 Tandem
1118 167 1270 200 nobilium

883 627 919 661 V.

893 732 924 763 2.

1001 215 1115 253 conJ'ux
1139 214 1255 246 sortita
1278 215 1417 246 virorum

954 261 1108 300 Progenie
1131 263 1223 293 natos

1000 307 1102 339 edidit
1123 308 1286 347 ingenuos,

1083 382 1292 418 Responsoria.

921 467 927 473 .
954 439 1098 479 Namque
1122 441 1234 480 quater
1260 439 1357 470 denos

1000 487 1148 519 comitatu
1172 488 1300 517 rexerat
1322 493 1430 527 annos,

952 532 1030 566 Cum
1053 533 1237 565 veneranda
1260 540 1362 564 comes

999 588 1147 619 suprema
1171 582 1256 611 sorte
1280 579 1417 620 quievit3

950 626 1039 659 Tune
1062 627 1197 659 Domino
1222 627 1353 666 propius

998 672 1168 713 Gregorius
1193 674 1294 704 almus
1319 673 1473 706 adhaesit.

954 730 1044 763 Haec
1066 730 1151 761 inter
1171 729 1318 769 proprios

999 777 1091 816 plebs
1117 777 1260 809 desolata
1284 776 1450 818 magistros

952 824 1126 864 Lingonica
1150 824 1285 856 electum

998 871 1080 909 petit
1103 872 1186 904 hunc
1203 871 1378 911 recipitque
1392 873 1501 909 patro-

1275 928 1358 956 num,

951 967 1048 1005 Quem
1073 964 1182 997 mundi
1206 968 1311 996 rector

998 1012 1136 1044 sacravit
1155 1014 1302 1043 neumate
1325 1020 1427 1045 sacre.

917 1094 924 1101 .
949 1068 1027 1101 Mox
1050 1069 1167 1100 virtute
1191 1070 1315 1108 potens,

995 1114 1072 1147 fidei
1098 1115 1296 1147 circumsitas
1321 1114 1430 1155 armis,

952 1163 1121 1201 Expugnat
1145 1161 1274 1193 rabidos

999 1209 1101 1247 plebis
1128 1209 1168 1240 de
1193 1208 1341 1239 cordibus
1366 1208 1483 1248 hostes,

951 1255 1023 1287 Non
1046 1264 1158 1294 passus
1182 1255 1320 1286 laceram

999 1300 1068 1333 fore
1092 1311 1126 1333 se
1151 1303 1279 1341 pastore
1304 1304 1475 1336 catervam.

1011 1395 1058 1427 In
1084 1397 1113 1428 3.
1140 1393 1365 1427 Nocturno.

1098 1459 1289 1493 Antiphonae.

921 1545 927 1552 .
954 1518 1116 1558 Frangere
1136 1519 1203 1557 jam
1227 1518 1394 1549 vehemens

1000 1567 1076 1595 tune
1099 1564 1292 1604 parsimonia
1317 1565 1420 1604 coepit

951 1611 1124 1650 Corporeas
1149 1611 1233 1643 vires

1000 1659 1070 1689 rata
1093 1657 1249 1697 simulque
1273 1658 1370 1697 quies.

956 1714 1110 1746 Triticeos
1135 1722 1232 1754 panes

1001 1761 1072 1793 aliis
1097 1760 1271 1800 frangendo
1296 1762 1478 1794 ministrans

956 1807 1045 1840 Clam
1071 1808 1157 1839 duris
1181 1808 1294 1840 hordei

1002 1863 1036 1886 se
1062 1855 1195 1894 dapibus
1220 1854 1377 1888 refovens,

922 1937 930 1945 .
956 1910 1066 1943 Vitrea
1091 1920 1160 1943 cum
1184 1912 1286 1944 vitreo

1000 1958 1071 1989 sinu
1095 1959 1184 1991 labat
1206 1960 1321 1998 poeula
1344 1969 1429 2002 vase,

958 2005 1022 2038 Sed
1045 2006 1154 2038 sitiens
1180 2007 1335 2038 modicam

1001 2053 1180 2092 excipiebat
1202 2062 1326 2093 aquam.

1089 2128 1295 2164 Responsoria.

922 2200 929 2207 .
956 2174 1110 2207 Noctibus
1133 2176 1305 2208 innumen's

1004 2221 1160 2254 Christum
1193 2223 1383 2255 venerabilis
1408 2232 1503 2255 orans

958 2269 1035 2301 Cum
1059 2270 1178 2301 sanetis
1203 2278 1309 2301 sacras

1002 2315 1160 2354 psallebat
1183 2316 1318 2356 pervigil
1343 2316 1431 2356 odas,
