1651 2588
201 207 238 239 V.
274 206 320 239 Ut
342 206 506 246 promittat
529 206 568 246 ei,

317 262 428 285 munus
453 254 537 285 vitae
561 253 746 292 speciosum.

346 338 391 370 In
418 339 448 371 3.
474 338 702 370 Nocturna

408 392 601 429 Antiphonae.

235 468 242 475 .
264 441 443 481 Martyrum
468 441 603 481 quinque
627 439 713 470 milia

314 488 481 519 Patiuntur
505 487 662 527 supplicia

269 535 331 566 Pro
357 534 481 566 Christo
505 534 538 565 in
562 533 714 565 Armenia

314 580 390 613 Cum
415 580 590 622 Margarita
614 579 708 611 socia.

237 662 243 669 .
268 636 357 668 Haec
382 638 430 667 est
455 637 494 668 de
517 634 736 676 prudentibus,

314 683 399 721 Quae
423 691 572 721 sponsum
595 684 775 721 sequuntur,

267 730 355 762 Haec
379 731 427 760 est
452 729 491 761 de
514 729 697 769 virginibuS‚

313 777 398 815 Quae
422 776 547 808 Christo
569 777 751 816 junguntur.

235 861 241 867 .
268 833 409 865 Christus
434 841 578 872 sponsam
607 832 711 872 diligit

312 880 364 911 Ab
390 888 428 910 ea
452 880 594 919 dilectus,

267 927 385 958 Eorum
408 926 596 958 mirabiliter

314 973 449 1005 Ornatus
475 976 523 1005 est
545 974 657 1006 lectus,

402 1037 607 1073 Responsoria.

237 1113 243 1119 .
271 1085 418 1125 Olybrius
439 1085 615 1126 ingreditur

311 1133 350 1164 In
372 1131 481 1163 urbem
505 1132 716 1172 Antiochiam,

266 1178 469 1210 Christicolas
492 1179 700 1221 persequitur,

312 1225 400 1256 Dans
425 1226 583 1257 crudelem
606 1226 802 1266 sententiam,

266 1272 441 1311 Margarita
465 1273 639 1304 recluditur

312 1319 349 1350 In
375 1319 510 1350 carceris
534 1319 708 1358 miseriam3

228 1390 236 1397 .
268 1365 470 1397 Furibundus
496 1365 653 1405 Olybrius,

268 1411 412 1443 Crudelis
435 1414 528 1452 atque
551 1413 675 1453 impius,

312 1458 410 1490 ,Iubet
432 1459 553 1491 recludi
575 1459 656 1490 hanc
680 1460 773 1499 piam.

233 1540 240 1547 .
266 1514 441 1553 Margarita
466 1515 634 1547 devoratur

266 1562 295 1593 A
322 1561 466 1598 dracone,
492 1562 544 1601 qui
568 1564 699 1595 necatur

311 1607 405 1639 Fidei
429 1608 599 1652 signaculo,

263 1653 439 1693 Margarita
461 1654 624 1695 liberatur,

267 1700 325 1733 Cui
348 1709 420 1732 mox
444 1700 561 1733 bellum
584 1704 732 1741 paratur3

226 1771 233 1777 .
264 1746 351 1778 Dicti
375 1755 470 1786 super
494 1757 565 1779 nam
592 1749 734 1780 draconis

266 1794 385 1825 Adstat
407 1794 535 1826 adstans
561 1796 679 1827 cunctis
704 1795 793 1827 bonis

312 1840 454 1872 Carceris
478 1842 512 1873 in
536 1843 658 1882 angulo.

209 1918 216 1927 ,
233 1921 240 1929 .
266 1896 405 1935 Corpore
429 1896 533 1929 deciso

312 1943 441 1983 virginis
465 1954 484 1976 a
509 1945 659 1977 daemone
684 1946 758 1988 viso,

265 1990 428 2030 Lampade
451 1990 590 2023 terrifica

313 2036 430 2068 Christi
454 2038 611 2070 cruciatur
634 2039 744 2079 amica,

225 2108 232 2115 .
266 2083 418 2123 Lymphis
443 2086 612 2125 mergenda

313 2131 406 2163 datur
430 2131 535 2171 gladio
560 2131 713 2164 ferienda..

431 2196 571 2224 Prosella.

263 2242 448 2284 Margarita,

310 2290 398 2330 virgo
424 2293 546 2332 eximia,

263 2337 476 2371 Psallentibus

310 2384 396 2416 adsis
420 2387 568 2429 propitia,

814 109 882 144 136
932 129 975 134 —-

946 201 1062 235 Confer
1085 202 1175 233 nobis

990 258 1110 280 summa
1134 249 1306 288 praesidia,

943 295 1148 327 Intercedens

986 351 1045 381 pro
1069 343 1178 373 nostra
1202 341 1294 372 venia

940 389 1037 428 Apud
1063 388 1232 427 Christum,

988 435 1042 475 qui
1065 435 1148 475 regit
1169 435 1305 467 saecula.

1029 510 1044 541 I
1053 520 1073 541 n
1098 509 1126 541 L
1133 519 1153 541 a
1160 519 1181 540 u
1191 510 1212 542 d
1221 510 1233 540 i
1241 509 1262 541 b
1272 519 1292 540 u
1301 518 1326 543 S.

1078 564 1271 600 Antiphonae.

906 638 912 645 .
939 613 999 644 Per
1021 613 1152 652 capillos
1180 612 1360 644 daemonem

988 659 1076 699 virgo
1103 659 1350 699 comprehendit,

941 706 1074 745 Projicit
1096 706 1130 737 in
1150 707 1314 746 pulverem

986 756 1018 784 et
1041 754 1291 793 superascendit.

904 834 912 842 .
938 810 1062 842 Clamat
1085 810 1173 849 virgo
1200 810 1343 841 daemoni

984 865 1043 896 me,
1070 855 1146 899 fere,
1175 856 1306 899 dimitte,

938 904 1017 942 Quia
1040 912 1174 943 sponsus
1198 912 1285 934 meus
1310 906 1359 934 est

984 959 1041 981 rex
1065 953 1211 981 aeternae
1235 950 1331 983 vitae.

905 1032 912 1039 .
939 1005 992 1037 Sic
1017 1006 1162 1037 columba
1185 1006 1342 1046 loquitur:

984 1053 1072 1092 virgo
1097 1061 1257 1095 generosa,

937 1099 1112 1139 Exspectat
1134 1102 1167 1130 te
1186 1108 1244 1131 rex
1268 1100 1397 1140 gloriae,

984 1149 1077 1186 porta
1101 1147 1254 1186 speciosa.

904 1227 911 1234 .
937 1202 1015 1242 Agit
1038 1202 1105 1233 Deo
1130 1203 1248 1242 gratias

986 1252 1097 1280 sancta
1118 1249 1305 1290 Margarita,

939 1295 1109 1328 Columbae
1132 1296 1290 1339 sententia

984 1343 1122 1374 laetatur
1146 1343 1264 1375 audita.

906 1424 912 1432 .
938 1398 1029 1429 Dixit
1051 1407 1185 1438 nequam
1209 1399 1355 1438 spiritus:

984 1445 1071 1485 virgo
1098 1445 1193 1485 digna
1216 1446 1295 1486 Deo,

937 1492 1055 1524 Pedem
1079 1494 1166 1523 tuum
1190 1493 1294 1525 alleva

981 1539 1048 1577 jam
1074 1539 1113 1570 de
1138 1539 1219 1571 collo
1242 1548 1323 1573 meo,

1056 1603 1102 1630 Ad
1120 1603 1303 1630 Benedictus.

899 1674 906 1681 .
941 1649 1123 1681 Praefectus
1148 1650 1306 1693 Olybrius,

981 1696 1015 1727 in
1040 1705 1131 1736 quem
1157 1698 1290 1730 daemon
1313 1698 1407 1738 repit,

935 1743 1063 1775 Adduci
1087 1744 1127 1775 de
1151 1752 1278 1776 carcere

980 1790 1133 1830 virginem
1156 1792 1330 1835 praecepit,

937 1836 1013 1868 Cum
1037 1837 1156 1870 Christi
1183 1838 1344 1878 signaculo

980 1884 1069 1924 virgo
1093 1893 1128 1915 se
1152 1885 1297 1926 signavit,

934 1929 1094 1970 Quidquid
1119 1932 1148 1962 ei
1173 1932 1302 1972 diceret,

977 1977 1076 2016 judex
1101 1980 1305 2018 exspectavit.

1005 2052 1052 2084 In
1077 2054 1107 2086 2.
1134 2054 1349 2094 Vesperis.

1052 2107 1097 2134 Ad
1116 2108 1293 2144 Magnificat.

897 2177 905 2185 .
932 2153 1134 2188 Gratulemur
1157 2160 1190 2189 et
1208 2158 1363 2191 laetemur

983 2210 1052 2233 cum
1076 2212 1195 2236 summo
1220 2205 1371 2249 tripudio,

935 2248 1107 2282 Innovatur
1130 2251 1334 2292 Margaritae,

979 2294 1094 2328 festum
1118 2300 1213 2338 atque
1236 2300 1353 2342 passio,

936 2343 998 2374 Per
1027 2352 1119 2383 quam
1144 2346 1251 2385 sponsi
1275 2345 1340 2378 frui
1365 2347 1484 2380 Christi

981 2391 1097 2422 meruit
1116 2393 1285 2426 consortio.
