1650 2587
282 180 329 212 In
352 178 581 211 Laudibus.

341 254 535 289 Antiphonae.

144 310 175 342 1.
201 310 404 342 Praecinctus
429 311 583 350 pudicitia

199 356 301 395 Supra
326 357 429 388 carnis
453 357 601 389 incendia

244 403 290 435 Ut
315 403 456 435 (lominus
480 404 633 443 regnavit,

198 449 351 481 Decorcm
375 450 488 481 mentis
513 450 656 491 induem,

199 496 432 528 Fortitudinem
456 497 592 528 vestiens

245 543 365 582 Corpus
390 545 496 575 terrae
519 542 667 574 firmavit.

139 611 170 641 2.
197 608 311 640 Servus
336 608 397 639 Dei
420 608 542 639 laetitia

199 654 354 686 Clarescit
377 654 419 686 ad
445 654 581 686 convitia

246 702 283 733 In
310 701 528 743 exsultatione,

199 748 348 779 Divinum
372 748 471 780 intrat
495 748 609 779 atrium

199 795 236 826 In
261 795 386 838 hymnis
412 794 623 827 confitentium

244 842 364 874 Laudis
391 840 593 876 confessione.

143 909 173 940 3.
201 907 255 939 Sic
278 916 374 947 super
398 910 532 940 stratum
555 907 719 947 proprium

199 954 323 986 Memor
348 957 396 986 est
418 963 476 994 per
501 955 636 986 cilicium

250 1001 366 1033 Christi
390 1002 467 1034 Jesu
490 1002 664 1043 plagarum,

201 1048 237 1079 In
263 1056 354 1087 quem
378 1048 479 1079 sitivit
502 1048 606 1079 anima

202 1094 247 1126 Et
272 1103 343 1125 caro
368 1094 429 1126 sibi
455 1094 598 1133 proxima

249 1140 336 1171 Luce
359 1141 546 1181 vigiliarum.

145 1207 177 1240 4.
201 1206 339 1246 Patrem,
364 1205 473 1244 filiurn,
499 1206 644 1245 spiritum

202 1253 264 1284 Per
288 1261 417 1291 operum
442 1253 604 1284 circuitum

250 1299 381 1339 Semper
405 1299 636 1338 benedicamus,

203 1345 310 1377 Sancti
335 1349 368 1377 et
391 1346 487 1377 corde
509 1346 634 1377 humilis

205 1393 282 1425 Cum
306 1393 452 1424 laudibus
477 1395 509 1424 et
528 1393 638 1432 jubilis

250 1439 413 1480 Magnalia
438 1448 594 1472 canamus.

150 1507 180 1537 5.
207 1505 325 1536 Terrae
349 1514 438 1545 reges
464 1509 496 1537 et
518 1505 687 1548 principes,

204 1552 249 1583 Et
269 1555 400 1591 juvenes
426 1555 459 1583 et
481 1552 630 1592 virgines,

253 1598 339 1631 Coeli
363 1600 491 1631 laudate
514 1599 626 1639 Deum,

205 1645 376 1685 Sequentes
400 1645 590 1684 Elzearium,

204 1692 286 1723 Nam
311 1701 367 1723 rex
392 1695 424 1723 et
447 1692 594 1731 princeps
615 1692 752 1723 omnium

251 1739 305 1770 Ad
330 1739 449 1770 coelum
473 1738 560 1770 vexit
583 1746 662 1770 eum.

322 1822 367 1849 Ad
385 1821 568 1849 Benedictus.

134 1880 173 1911 A.
207 1879 355 1911 Exsultet
377 1880 464 1919 Apta
488 1880 610 1920 civitas,

206 1926 301 1965 Quam
329 1929 460 1959 exornat
483 1926 689 1966 praeclaritas

252 1973 406 2005 Felicium
430 1974 649 2015 membrorum,

205 2020 369 2060 Tantoquc
392 2020 556 2060 privilegio

205 2067 254 2098 Tu
280 2068 388 2099 dotata
412 2067 522 2107 religio

251 2114 416 2146 Ecclesiae
439 2115 603 2153 minorum,

752 85 796 119 60

874 181 912 212 In
938 182 969 211 te
993 183 1066 211 sunt
1090 189 1161 212 ossa
1186 179 1324 217 condita,

874 226 992 266 Quibus
1017 227 1118 267 aegris
1144 230 1192 258 cst
1215 225 1343 257 reddita.

921 272 1094 312 Completio
1117 275 1278 310 votorum3

874 319 927 351 Ad
951 323 992 357 te,
1019 318 1181 351 confessor
1206 319 1332 359 optime,

876 365 1020 397 Clamant
1042 366 1226 405 languentes
1251 364 1374 395 animae

922 412 983 444 Pro
1005 412 1097 444 venia
1119 412 1281 443 malorum.

933 534 979 565 111
1005 534 1037 566 2.
1062 531 1281 571 Vesperis.

1010 614 1204 649 Antiphonae.

841 705 848 713 .
874 681 926 713 Ex
949 682 1039 712 utero
1064 680 1255 720 principium

876 728 920 759 Et
944 727 1068 767 generis
1091 727 1216 758 initium

923 774 1054 806 Sumens
1079 774 1180 813 stirpe
1206 774 1362 805 clarorum

876 821 937 853 Die
962 821 1087 853 virtutis
1114 821 1237 860 claruit,

874 868 959 900 Hinc
983 868 1098 900 sociari
1121 868 1238 899 meruit

924 915 1153 954 Splendoribus
1177 916 1366 947 sanctorum.

843 1007 851 1014 .
876 981 913 1013 In
938 983 1004 1011 toto
1031 980 1127 1011 corde
1148 979 1315 1011 Dominum

878 1025 1051 1059 Confitetur
1076 1029 1108 1057 et
1130 1026 1281 1057 luminum

924 1074 1051 1105 Patrem
1075 1074 1170 1105 laude
1191 1075 1323 1112 septena

877 1120 1087 1158 Sanctamque
1109 1128 1223 1151 nomeu
1246 1119 1375 1150 Domini

877 1166 939 1198 Suo
966 1167 1162 1198 commendat
1185 1166 1301 1205 agmini

923 1213 1098 1245 Devotione
1121 1213 1226 1252 plena.

845 1306 851 1312 .
877 1279 991 1310 Potens
1016 1279 1049 1310 in
1073 1281 1161 1309 terra
1184 1278 1298 1317 timuit,

878 1325 972 1365 Cujus
997 1325 1153 1357 mandatis
1178 1324 1277 1356 voluit

924 1372 1041 1404 Beatus
1066 1372 1204 1414 obedire,

879 1418 988 1451 Gloria
1012 1422 1044 1450 et
1068 1419 1198 1450 divitiae

876 1465 948 1497 Non
972 1468 1119 1505 poterant
1139 1465 1281 1504 justitiae

924 1513 1027 1552 Ipsius
1054 1512 1220 1544 contraire.

845 1604 853 1611 .
879 1578 929 1609 Ex
949 1579 1009 1609 hoc
1032 1586 1116 1609 nunc
1140 1580 1170 1608 et
1194 1577 1228 1608 in
1252 1577 1412 1608 saeculum

877 1625 938 1657 Dei
962 1633 1020 1664 per
1044 1625 1120 1656 solis
1146 1624 1297 1655 circulum

925 1671 974 1703 Sit
997 1680 1109 1702 nomen
1133 1670 1344 1709 benedictum,

878 1718 1005 1758 Vosque
1028 1718 1165 1758 laudate,
1190 1719 1290 1759 pueri,

879 1765 1015 1796 Puerum
1039 1774 1094 1797 suo
1121 1765 1246 1804 corpori

924 1812 1097 1844 Tenentem
1120 1812 1214 1844 finem
1238 1812 1393 1844 strictum.

846 1904 853 1911 .
877 1878 1031 1918 Laudato,
1057 1881 1176 1920 gentes,
1201 1878 1381 1917 Dominum,

879 1924 944 1963 Quo
969 1928 1092 1964 tempus
1116 1934 1174 1965 per
1197 1926 1401 1957 interminum

925 1972 1051 2003 Veritas
1074 1974 1181 2004 manet
1204 1976 1285 2012 rata,

880 2018 974 2058 CuJus
998 2019 1217 2051 misericordia

877 2065 938 2097 Est
961 2075 1019 2105 per
1043 2066 1144 2098 sancti
1169 2066 1319 2106 suffragia

925 2112 1027 2152 Super
1050 2122 1108 2145 nos
1135 2113 1326 2147 confirmata.

212 2217 295 2244 Brev.
315 2226 367 2244 ms.
381 2216 750 2244 Romano-Franciscanum
770 2216 839 2241 anni
861 2213 942 2241 1412.
956 2213 1181 2251 (Privatbesitz.)
1199 2231 1236 2235 —
1257 2216 1293 2242 In
1308 2213 1332 2242 1.
1347 2216 1431 2243 Noct-

140 2252 160 2280 R
181 2252 208 2288 3,
228 2252 246 2281 8
268 2256 371 2281 tenent.
398 2270 433 2273 —
452 2255 488 2281 In
509 2252 536 2281 2.
556 2254 640 2281 Noct.
661 2251 682 2278 Α
707 2251 730 2285 1,
751 2250 769 2278 2
789 2252 905 2279 lumine.
931 2267 969 2271 —
990 2251 1012 2279 Α
1034 2252 1058 2286 1,
1079 2252 1099 2280 4
1117 2255 1245 2280 numine.
1267 2267 1304 2271 —
1326 2251 1346 2279 R
1367 2251 1394 2286 2,
1415 2252 1432 2281 6

138 2292 294 2320 Perfectas.
315 2306 351 2310 —
373 2290 392 2318 Β
413 2289 440 2325 3,
462 2290 478 2318 1
500 2292 620 2320 Caritas.
640 2304 677 2309 —-
698 2288 718 2316 R
739 2287 765 2318 3.
786 2288 806 2316 4
824 2290 865 2316 Et
881 2290 1003 2317 viribus.
1023 2304 1061 2310 —-
1082 2288 1101 2316 R
1117 2288 1143 2325 3,
1163 2290 1179 2317 7
1201 2290 1279 2317 Huic
1302 2292 1377 2326 pius.

137 2331 173 2358 In
193 2328 220 2358 3.
233 2330 317 2358 Noet.
333 2327 353 2355 Β
374 2327 400 2363 3,
424 2328 438 2356 1
457 2330 539 2357 velut
558 2329 700 2365 spiritum.
723 2342 758 2345 —
778 2328 814 2355 In
832 2325 859 2354 2.
873 2328 960 2363 Vesp.
982 2327 1018 2355 ad
1030 2329 1128 2364 Magn.
1143 2327 1165 2355 Α
1186 2329 1242 2355 wie
1255 2329 1288 2355 in
1302 2327 1328 2355 1.
1343 2329 1432 2364 Vesp-
