1650 2587
346 239 394 270 In
421 239 450 272 1.
477 239 704 274 Nocturno.

430 304 626 341 Antiphonae.

226 359 257 392 1.
284 361 403 393 Beatus
428 362 478 393 vir
502 363 716 405 Agrippanus,

286 407 403 439 Christi
426 409 517 441 miles
542 411 696 452 egregius,

333 454 476 487 Docente
501 456 635 489 veritate

284 501 365 533 Toto
389 503 504 535 mentis
528 504 670 536 anhelitu

333 549 494 582 Fervebat
520 551 660 583 caritate.

226 605 258 636 2.
285 605 323 637 In
350 606 425 639 Sion
450 615 507 638 rex
532 607 720 639 constitutus

284 652 508 692 Praesniisque
533 657 716 686 consecutus

335 699 457 731 Nomen
482 703 514 732 et
538 699 676 733 officium

287 745 456 779 Serviebat
478 748 511 779 in
537 747 659 790 timore,

285 793 478 826 Exsultabat
502 804 572 827 cum
596 797 734 828 tremore

335 841 494 882 Largitori
524 843 670 875 omnium.

226 897 258 929 3.
284 898 370 929 Voce
394 897 449 936 pia
474 898 589 939 cordis,
616 898 679 930 oris

333 944 487 976 Clamavit
513 946 554 977 ad
579 945 748 977 Dominum

282 990 327 1022 Et
352 992 517 1024 clamando
543 992 709 1024 exauditus

329 1038 390 1070 Est
411 1047 431 1069 a
454 1042 547 1078 patre
570 1039 731 1071 luminum.

419 1141 624 1177 Responsoria.

226 1208 256 1242 1.
283 1207 360 1240 Dies
386 1206 487 1248 fulget
511 1208 703 1242 celebranda

328 1255 483 1295 Martyris
510 1257 636 1299 egregii,

280 1302 366 1335 Orbe
389 1305 457 1334 toto
482 1304 666 1336 veneranda

328 1349 454 1381 Meritis
478 1351 667 1392 Agrippam,

282 1397 350 1435 Qua
376 1397 416 1429 de
438 1398 555 1430 mundo
581 1398 722 1430 elevatur

330 1444 384 1476 Ad
410 1444 489 1475 coeli
513 1444 634 1484 palatia

281 1490 450 1523 Fruiturus
476 1500 544 1523 cum
569 1492 677 1524 electis

328 1538 491 1578 Perpetim
515 1539 647 1572 laetitia.

209 1583 247 1617 V.
279 1584 337 1617 Vir
361 1584 512 1617 mirificus
539 1587 662 1627 decore,

326 1633 468 1673 repletus
493 1633 693 1676 charismate,

281 1679 376 1712 Coelo
402 1681 503 1712 claret
526 1681 692 1713 redimitus

327 1736 417 1760 sacro
449 1728 637 1762 diademate.

220 1786 252 1818 2.
278 1783 406 1825 Martyr
431 1784 551 1818 Christi
574 1785 721 1826 gloriose,

326 1841 449 1872 gemma
482 1832 606 1874 fulgens
641 1833 832 1874 praesulum,

280 1879 339 1918 Qui
365 1881 483 1912 virtute
506 1880 692 1913 meritorum

325 1927 484 1960 decorasti
509 1928 678 1970 saeculum,

278 1975 409 2007 Plebem
433 1975 493 2007 tibi
518 1975 723 2008 famulantem

325 2025 357 2054 et
382 2023 527 2055 devotam
551 2023 699 2056 laudibus

275 2070 344 2102 Fac
368 2079 502 2109 regnare
525 2079 621 2111 super
646 2074 734 2104 astra

329 2118 391 2149 tuis
417 2117 535 2149 sanctis
560 2117 719 2158 precibus.

205 2165 244 2197 V.
273 2164 477 2196 Adsistentes
503 2167 575 2197 tuae
599 2165 687 2197 laudi

324 2211 397 2244 fove
421 2212 598 2252 patrocinio

277 2260 381 2300 Seque
406 2262 459 2292 tuo
486 2259 680 2292 confidentes

324 2306 408 2339 tueri
432 2307 604 2346 praesidio.

217 2366 249 2398 3.
276 2364 476 2397 Vallanensis
502 2364 655 2397 ecclesiae

327 2411 515 2445 sublimatus
540 2412 573 2445 iu
598 2412 690 2452 apice

892 1881 930 1913 V.

905 1986 936 2018 2.

890 2364 928 2397 V.

965 242 1046 274 Dum
1072 241 1192 273 rediret
1213 250 1233 272 a
1257 242 1397 274 Romano

1016 291 1215 321 consecratus
1243 288 1401 328 pontifice,

969 336 1106 368 Verbum
1129 335 1192 367 Dei
1215 336 1430 374 praedicando

967 384 1011 415 Et
1041 382 1153 415 devote
1178 382 1375 415 sublimando

1013 430 1131 462 Divina
1154 430 1306 470 mysteria

968 478 998 509 A
1021 475 1163 517 profanis
1189 478 1391 509 detruncatus

968 524 1029 556 Est
1051 523 1084 555 in
1110 524 1205 556 coelis
1231 526 1396 555 coronatus

1014 571 1144 603 Honore
1168 574 1201 602 et
1223 571 1333 611 gloria,

966 618 1018 650 Sic
1041 626 1100 658 per
1122 618 1232 658 ingens
1255 619 1481 649 tormentorum

970 665 1134 697 Certamen
1159 668 1208 696 est
1229 664 1393 696 beatorum

1015 713 1208 745 Consecutus
1233 712 1357 752 gaudia.

1025 807 1072 838 In
1097 807 1129 839 2.
1155 806 1382 839 Nocturno.

1109 870 1303 906 Antiphonae.

932 952 938 959 .
966 927 1038 959 Non
1062 928 1174 959 dilexit
1199 928 1378 971 vanitatem,

1011 975 1135 1013 respuit
1158 975 1357 1007 mendacium

966 1021 1149 1060 Obtulitque
1172 1022 1375 1060 semetipsum

1012 1068 1080 1100 Deo
1106 1068 1303 1102 sacrificium.

964 1124 1098 1157 Domum
1123 1127 1206 1157 tuam
1233 1125 1377 1157 introivit

1012 1181 1082 1204 cum
1106 1172 1347 1204 mansuetudine

963 1219 1008 1251 Et
1032 1219 1073 1251 ad
1100 1220 1251 1259 templum
1268 1222 1410 1251 sanctum
1429 1221 1517 1250 tuum

1010 1266 1165 1307 adoravit,
1192 1266 1335 1298 Domine.

964 1323 1060 1362 Quam
1089 1323 1246 1355 exce1sum
1272 1331 1385 1354 nomen
1410 1325 1497 1354 tuum

1012 1372 1061 1402 est
1085 1372 1117 1401 et
1140 1370 1339 1411 admirabile,

963 1418 1025 1450 Per
1050 1418 1133 1456 quod
1159 1417 1275 1449 sanctis
1301 1425 1334 1448 es
1360 1417 1492 1457 largitus

1010 1473 1122 1496 munus
1146 1463 1315 1497 ineffabile.

1101 1539 1308 1574 Responsoria.

928 1620 935 1629 .
962 1596 1067 1628 Adest
1091 1596 1158 1628 dies
1183 1596 1330 1636 gloriosa,

964 1643 1059 1683 Cujus
1084 1653 1169 1675 mors
1195 1645 1244 1676 est
1266 1644 1417 1683 pretiosa,

1006 1691 1161 1731 Martyris
1185 1691 1375 1732 Agrippam,

963 1738 1022 1777 Qui
1052 1739 1239 1779 contemptis
1265 1738 1314 1770 his
1341 1738 1468 1771 caducis

961 1785 1079 1818 Factus
1105 1789 1153 1817 est
1177 1795 1324 1826 posessor
1348 1785 1427 1818 lucis

1009 1835 1047 1866 In
1074 1837 1242 1873 conspectu
1267 1833 1412 1873 Domini3

960 1881 1013 1913 Illi
1037 1881 1238 1914 multimodas

1008 1937 1189 1969 promamus
1212 1928 1342 1962 vocibus
1367 1927 1455 1960 odas.

964 1985 1142 2027 Vigilando,
1165 1986 1350 2027 jejunando,

1009 2033 1225 2072 praedicando
1250 2033 1402 2072 populum

963 2080 1112 2112 Siticntes
1137 2079 1319 2120 adaquabat

1011 2128 1091 2159 dans
1117 2127 1282 2159 doctrinae
1304 2127 1452 2169 rivulum,

960 2175 1020 2206 His
1045 2174 1194 2206 insistens
1220 2176 1269 2206 est
1293 2175 1428 2215 adeptus

1009 2230 1154 2254 coronam
1179 2223 1335 2266 martyrii,

963 2268 1015 2301 Sic
1039 2277 1074 2301 se
1097 2271 1184 2301 ratus
1209 2271 1362 2303 meruisse

1009 2316 1146 2349 fructum
1170 2318 1283 2350 summi
1307 2323 1458 2358 praem113

959 2364 1021 2397 Hic
1044 2364 1195 2397 mundum
1217 2366 1348 2409 sprevit,

1009 2420 1133 2445 carnem
1161 2414 1288 2446 domare
1314 2412 1464 2447 decrevit.
