1650 2587
131 263 160 293 l.

126 1867 155 1898 .ἱῦ

629 106 888 140 —208—

324 204 527 239 Responsoria.

187 261 211 293 O
238 261 335 293 divini
359 269 473 299 praeco
497 260 596 298 verbi,

232 311 341 347 pastor
365 307 563 346 venerabilis,

187 354 369 396 Philiberte,
395 364 451 386 nos
475 364 495 385 a
519 353 637 384 cunctis

232 400 367 432 defende
390 401 548 440 periculis,

183 448 316 479 Nostras
340 456 450 486 preces
473 448 543 486 pius
568 446 651 487 audi,

230 495 310 525 iram
333 494 462 533 placans
483 493 608 533 judicis.

184 550 279 588 Audi,
305 552 412 582 sancte
434 549 617 588 Philibertc,

231 597 305 628 audi
328 600 452 628 nostros
476 596 618 637 gemitus,

188 644 353 675 lnterccde
377 644 462 683 apud
485 643 585 674 Deum

231 690 346 721 uostris
370 699 428 728 pro
455 689 643 728 excessibus,

186 736 300 768 Sancte
323 739 424 777 pater,
448 740 481 768 te
504 745 681 776 precamur,

229 786 261 814 te
287 784 398 815 devote
421 784 587 823 poscimus.

152 865 159 871 .
184 840 297 871 Inclite
322 839 491 879 confessor,

229 886 413 927 Philiberte‚
434 887 556 927 Deique
571 887 728 926 sacerdos,

182 933 281 964 Posce
304 933 404 964 Deum
424 934 514 965 nobis

228 982 373 1010 aeternae
399 981 480 1012 dona
503 981 623 1019 salutis,

178 1026 225 1057 Te
248 1026 351 1057 nimiis
375 1027 530 1068 precibus,

228 1075 336 1112 pastor
347 1074 534 1112 venerande,
551 1082 725 1112 precamur.

183 1129 207 1161 O
233 1127 357 1159 felicem
380 1137 417 1162 ac
440 1129 566 1161 beatum

229 1177 386 1214 pastorem
411 1176 571 1217 eeclesiae,

182 1223 206 1254 Ο
232 1222 429 1261 praeclarum
453 1223 626 1262 agonistam

230 1268 373 1300 coelestis
397 1270 538 1310 militiae,

183 1315 239 1346 Cui
263 1315 399 1354 palmam
419 1318 521 1356 justus
542 1316 641 1355 judex

228 1361 358 1393 contulit
383 1363 548 1404 victoriae3

179 1408 288 1448 Nobis,
314 1412 421 1440 sancte
445 1409 628 1448 Philibertc,

227 1464 332 1495 regem
356 1456 449 1494 placa
471 1456 599 1496 gloriae.

269 1549 285 1581 1
293 1558 314 1579 n
338 1548 366 1579 L
374 1558 392 1581 a
399 1559 420 1580 u
432 1550 451 1581 d
460 1549 471 1580 i
481 1550 500 1581 b
510 1559 531 1580 u
540 1559 564 1582 s.

316 1613 511 1648 Antiphonae.

147 1696 153 1703 .
181 1671 205 1703 Ο
231 1670 414 1712 Philiberte,
439 1671 499 1702 Dei

227 1717 423 1748 sanctissime
447 1720 554 1756 pastor
579 1718 678 1759 ovilis,

178 1763 312 1794 Fulsisti
335 1765 451 1795 mundo

228 1809 335 1850 signis,
360 1819 443 1841 nunc
466 1811 582 1842 lumine
607 1811 702 1841 coelo.

182 1866 290 1897 Mnam
315 1865 373 1896 tibi
399 1867 603 1906 commissam,

228 1913 401 1952 prudenter
425 1914 674 1953 multiplicatam,

182 1959 375 1998 Condignam
399 1960 525 1992 Domini

226 2006 369 2037 meruisti
392 2008 486 2039 laude
510 2007 646 2046 superni.

180 2063 299 2094 Terrea
322 2064 471 2101 sprevisti

230 2111 369 2148 comptus
394 2110 562 2141 virtutibus
587 2110 687 2151 almis,

180 2156 264 2187 Hinc
287 2156 398 2189 merito
424 2156 501 2188 felix

230 2203 356 2235 coelesti
380 2203 450 2235 lucc
473 2204 611 2236 nitescis.

800 203 833 233 4.
860 199 992 239 Nomen,
1019 198 1154 238 Christe,
1179 200 1268 228 tuum

906 255 965 286 per
989 247 1116 279 saecula
1132 246 1175 277 sit
1191 243 1401 283 benedictum,

858 294 991 327 Lumine
1016 293 1144 324 coelesti

904 339 1112 372 Philibertum
1137 339 1189 379 qui
1216 337 1382 370 decorasti.

826 441 833 448 .
857 416 955 448 Ferte
975 414 1053 454 Deo,
1079 414 1191 453 sancti,

905 463 1036 494 devotae
1059 461 1166 493 munia
1189 459 1295 492 laudis

858 509 997 548 Cumque
1020 508 1196 540 Philiberto

902 555 1049 595 precibus
1060 564 1116 586 nus
1126 553 1260 593 jungito,
1274 552 1407 584 Christe.

976 657 1020 684 Ad
1040 657 1223 685 Benedictus.

819 759 827 767 .
856 734 926 766 Lux
946 732 1124 766 Philiberte
1148 733 1219 773 Dei,

902 781 1032 813 radians
1055 782 1127 821 plus
1152 781 1218 812 sole
1244 779 1317 819 diei,

855 829 972 868 Regem
997 828 1176 867 splendoris

906 875 1120 914 contemplans
1145 873 1288 906 omnibus
1307 873 1403 911 horis,

855 923 917 954 Pro
942 922 1033 953 nobis
1060 922 1164 962 vigila,

900 970 1002 1008 pulsa,
1028 968 1109 1001 bone
1133 970 1251 1008 pastor,
1279 970 1310 998 et
1334 975 1400 1008 ora,

852 1017 899 1049 Ut
922 1016 989 1048 sine
1012 1014 1074 1047 fine
1099 1016 1200 1047 Deum

900 1063 1016 1094 trinum
1036 1063 1234 1102 speculemur
1251 1064 1284 1092 et
1298 1069 1403 1093 unum.

923 1211 968 1242 In
994 1212 1025 1243 2.
1053 1211 1160 1250 Vesp
1173 1211 1269 1241 eris.

967 1293 1061 1328 Super
1079 1293 1221 1321 Psalmos.

818 1395 825 1401 .
853 1370 877 1402 O
905 1370 999 1401 decus
1025 1370 1184 1411 ccclesiae,

901 1416 991 1447 miles
1015 1416 1143 1447 Domini
1168 1416 1352 1455 Philiberte,

856 1463 959 1502 Junge
982 1463 1044 1494 tuis
1069 1464 1189 1494 meritis

902 1519 958 1541 nos
985 1510 1063 1541 coeli
1088 1510 1208 1542 civibus
1233 1510 1332 1542 almis.

975 1612 1021 1639 Ad
1039 1612 1215 1647 Magnificat.

818 1715 824 1721 .
853 1689 877 1720 O
904 1697 996 1727 quam
1019 1688 1091 1727 pius
1116 1697 1149 1719 es
1174 1689 1208 1720 in
1229 1689 1356 1728 sanctis,

901 1735 986 1766 Deus
1011 1735 1217 1778 admirabilis,

855 1781 913 1820 Qui
937 1791 999 1813 11011
1024 1784 1123 1814 solum
1148 1783 1357 1815 Philibertum

904 1828 1033 1860 decoras
1059 1830 1229 1868 miraculis,

854 1874 916 1907 Sed
941 1876 973 1906 in
1000 1876 1085 1908 coelo
1110 1878 1296 1916 sempiterni

902 1923 1046 1954 claritate
1070 1924 1214 1964 luminis3

856 1969 952 2008 Cujus
977 1971 1077 2001 sancti
1102 1980 1159 2002 nos
1185 1971 1309 2010 exaudi,

902 2019 934 2047 te
958 2024 1133 2059 precamur,
1159 2017 1290 2057 meritis,

855 2063 1053 2102 Protegendo
1078 2064 1117 2096 ab
1143 2064 1286 2096 adversis

902 2110 1025 2141 veniam
1052 2112 1093 2143 da
1117 2111 1266 2153 criminis,

857 2157 958 2188 Voces
984 2166 1105 2198 quoque
1129 2161 1254 2190 nostras
1276 2160 1373 2199 junge

902 2204 1030 2236 vocibus
1055 2206 1214 2246 angelicis.

186 2277 269 2304 Brev.
289 2285 341 2303 ms·
363 2277 571 2306 Trenorciense
590 2286 665 2305 saec.
688 2276 729 2304 16.
751 2275 818 2305 Ood.
841 2277 946 2305 Semiu.
967 2278 1094 2307 Aeduen.
1115 2289 1137 2308 s.
1157 2289 1186 2308 n.
