<?xml version="1.0" encoding="UTF-8"?>
<!DOCTYPE html PUBLIC "-//W3C//DTD XHTML 1.0 Transitional//EN"
    "http://www.w3.org/TR/xhtml1/DTD/xhtml1-transitional.dtd">
<html xmlns="http://www.w3.org/1999/xhtml" xml:lang="en" lang="en">
 <head>
  <title>
</title>
<meta http-equiv="Content-Type" content="text/html;charset=utf-8" />
  <meta name='ocr-system' content='tesseract 3.04.00' />
  <meta name='ocr-capabilities' content='ocr_page ocr_carea ocr_par ocr_line ocrx_word'/>
</head>
<body>
  <div class='ocr_page' id='page_1' title='image "./analectahymnica18drevuoft_00091.png"; bbox 0 0 1651 2588; ppageno 0'>
   <div class='ocr_carea' id='block_1_1' title="bbox 221 1246 252 1278">
    <p class='ocr_par' dir='ltr' id='par_1_1' title="bbox 221 1246 252 1278">
     <span class='ocr_line' id='line_1_1' title="bbox 221 1246 252 1278; baseline -0.032 0"><span class='ocrx_word' id='word_1_1' title='bbox 221 1246 252 1278; x_wconf 82' lang='lat'>2.</span> 
     </span>
    </p>
   </div>
   <div class='ocr_carea' id='block_1_2' title="bbox 220 1443 250 1473">
    <p class='ocr_par' dir='ltr' id='par_1_2' title="bbox 220 1443 250 1473">
     <span class='ocr_line' id='line_1_2' title="bbox 220 1443 250 1473; baseline -0.033 0"><span class='ocrx_word' id='word_1_2' title='bbox 220 1443 250 1473; x_wconf 84' lang='lat'>3.</span> 
     </span>
    </p>
   </div>
   <div class='ocr_carea' id='block_1_3' title="bbox 717 38 950 73">
    <p class='ocr_par' dir='ltr' id='par_1_3' title="bbox 717 38 950 73">
     <span class='ocr_line' id='line_1_3' title="bbox 717 38 950 73; baseline -0.004 -9"><span class='ocrx_word' id='word_1_3' title='bbox 717 38 950 73; x_wconf 77' lang='grc'>-88-</span> 
     </span>
    </p>
   </div>
   <div class='ocr_carea' id='block_1_4' title="bbox 234 135 607 168">
    <p class='ocr_par' dir='ltr' id='par_1_4' title="bbox 234 135 607 168">
     <span class='ocr_line' id='line_1_4' title="bbox 234 135 607 168; baseline -0.005 0"><span class='ocrx_word' id='word_1_4' title='bbox 234 161 241 168; x_wconf 91' lang='grc'><strong>.</strong></span> <span class='ocrx_word' id='word_1_5' title='bbox 267 135 320 168; x_wconf 81' lang='lat' dir='ltr'>Ad</span> <span class='ocrx_word' id='word_1_6' title='bbox 346 135 466 167; x_wconf 83' lang='lat' dir='ltr'>senium</span> <span class='ocrx_word' id='word_1_7' title='bbox 490 135 607 167; x_wconf 81' lang='lat' dir='ltr'>mundo</span> 
     </span>
    </p>
   </div>
   <div class='ocr_carea' id='block_1_5' title="bbox 267 181 815 502">
    <p class='ocr_par' dir='ltr' id='par_1_5' title="bbox 268 181 783 262">
     <span class='ocr_line' id='line_1_5' title="bbox 313 181 783 223; baseline -0.004 -9"><span class='ocrx_word' id='word_1_8' title='bbox 313 191 371 221; x_wconf 77' lang='lat' dir='ltr'>per</span> <span class='ocrx_word' id='word_1_9' title='bbox 391 183 487 223; x_wconf 74' lang='lat' dir='ltr'>longa</span> <span class='ocrx_word' id='word_1_10' title='bbox 510 182 667 214; x_wconf 81' lang='lat' dir='ltr'>volumina</span> <span class='ocrx_word' id='word_1_11' title='bbox 690 181 783 213; x_wconf 84' lang='lat' dir='ltr'>dueto</span> 
     </span>
     <span class='ocr_line' id='line_1_6' title="bbox 268 229 608 262; baseline -0.006 0"><span class='ocrx_word' id='word_1_12' title='bbox 268 230 305 262; x_wconf 92' lang='lat' dir='ltr'>In</span> <span class='ocrx_word' id='word_1_13' title='bbox 329 230 444 262; x_wconf 83' lang='lat' dir='ltr'>nostris</span> <span class='ocrx_word' id='word_1_14' title='bbox 469 229 608 261; x_wconf 86' lang='lat' dir='ltr'>tenebris</span> 
     </span>
    </p>

    <p class='ocr_par' dir='ltr' id='par_1_6' title="bbox 267 275 804 355">
     <span class='ocr_line' id='line_1_7' title="bbox 317 275 804 315; baseline -0.002 -8"><span class='ocrx_word' id='word_1_15' title='bbox 317 276 418 308; x_wconf 79' lang='lat' dir='ltr'>oritur</span> <span class='ocrx_word' id='word_1_16' title='bbox 440 275 495 308; x_wconf 74' lang='lat' dir='ltr'>fax</span> <span class='ocrx_word' id='word_1_17' title='bbox 520 275 691 315; x_wconf 76' lang='lat' dir='ltr'>splendida.</span> <span class='ocrx_word' id='word_1_18' title='bbox 714 275 804 315; x_wconf 79' lang='lat' dir='ltr'>lueis,</span> 
     </span>
     <span class='ocr_line' id='line_1_8' title="bbox 267 322 618 355; baseline -0.009 0"><span class='ocrx_word' id='word_1_19' title='bbox 267 322 449 355; x_wconf 84' lang='lat' dir='ltr'>Pontificem</span> <span class='ocrx_word' id='word_1_20' title='bbox 475 324 618 355; x_wconf 81' lang='lat' dir='ltr'>sanctum</span> 
     </span>
    </p>

    <p class='ocr_par' dir='ltr' id='par_1_7' title="bbox 269 368 815 455">
     <span class='ocr_line' id='line_1_9' title="bbox 316 368 815 410; baseline 0 -10"><span class='ocrx_word' id='word_1_21' title='bbox 316 368 439 401; x_wconf 86' lang='lat' dir='ltr'>Christo</span> <span class='ocrx_word' id='word_1_22' title='bbox 450 369 617 401; x_wconf 84' lang='lat' dir='ltr'>tribuendo</span> <span class='ocrx_word' id='word_1_23' title='bbox 628 368 815 410; x_wconf 76' lang='lat' dir='ltr'>Gerardum‚</span> 
     </span>
     <span class='ocr_line' id='line_1_10' title="bbox 269 416 675 455; baseline -0.005 -7"><span class='ocrx_word' id='word_1_24' title='bbox 269 416 441 448; x_wconf 82' lang='lat' dir='ltr'>Stemmate</span> <span class='ocrx_word' id='word_1_25' title='bbox 465 416 675 455; x_wconf 83' lang='lat' dir='ltr'>praeclarum,</span> 
     </span>
    </p>

    <p class='ocr_par' dir='ltr' id='par_1_8' title="bbox 314 462 768 502">
     <span class='ocr_line' id='line_1_11' title="bbox 314 462 768 502; baseline 0.004 -9"><span class='ocrx_word' id='word_1_26' title='bbox 314 471 466 502; x_wconf 72' lang='lat' dir='ltr'>praesago</span> <span class='ocrx_word' id='word_1_27' title='bbox 490 462 614 495; x_wconf 86' lang='lat' dir='ltr'>nomine</span> <span class='ocrx_word' id='word_1_28' title='bbox 640 462 768 495; x_wconf 51' lang='lat' dir='ltr'>dictum2</span> 
     </span>
    </p>
   </div>
   <div class='ocr_carea' id='block_1_6' title="bbox 239 518 591 558">
    <p class='ocr_par' dir='ltr' id='par_1_9' title="bbox 239 518 591 558">
     <span class='ocr_line' id='line_1_12' title="bbox 239 518 591 558; baseline -0.003 -9"><span class='ocrx_word' id='word_1_29' title='bbox 239 543 245 549; x_wconf 95' lang='lat'>.</span> <span class='ocrx_word' id='word_1_30' title='bbox 272 518 370 552; x_wconf 84' lang='lat' dir='ltr'><strong>Urbis</strong></span> <span class='ocrx_word' id='word_1_31' title='bbox 394 518 591 558; x_wconf 82' lang='lat' dir='ltr'><strong>Agrippinae</strong></span> 
     </span>
    </p>
   </div>
   <div class='ocr_carea' id='block_1_7' title="bbox 272 564 816 884">
    <p class='ocr_par' dir='ltr' id='par_1_10' title="bbox 272 564 816 650">
     <span class='ocr_line' id='line_1_13' title="bbox 318 564 816 605; baseline -0.004 -9"><span class='ocrx_word' id='word_1_32' title='bbox 318 567 427 596; x_wconf 77' lang='lat' dir='ltr'>natum</span> <span class='ocrx_word' id='word_1_33' title='bbox 438 565 496 596; x_wconf 83' lang='lat' dir='ltr'>sub</span> <span class='ocrx_word' id='word_1_34' title='bbox 510 564 673 596; x_wconf 80' lang='lat' dir='ltr'>moenibus</span> <span class='ocrx_word' id='word_1_35' title='bbox 682 565 816 605; x_wconf 72' lang='lat' dir='ltr'>amplae,</span> 
     </span>
     <span class='ocr_line' id='line_1_14' title="bbox 272 613 642 650; baseline -0.005 -7"><span class='ocrx_word' id='word_1_36' title='bbox 272 613 302 643; x_wconf 87' lang='lat' dir='ltr'>A</span> <span class='ocrx_word' id='word_1_37' title='bbox 325 620 494 650; x_wconf 78' lang='lat' dir='ltr'>puerisque</span> <span class='ocrx_word' id='word_1_38' title='bbox 518 619 642 642; x_wconf 82' lang='lat' dir='ltr'>sacrum</span> 
     </span>
    </p>

    <p class='ocr_par' dir='ltr' id='par_1_11' title="bbox 272 657 807 744">
     <span class='ocr_line' id='line_1_15' title="bbox 316 657 807 699; baseline 0 -10"><span class='ocrx_word' id='word_1_39' title='bbox 316 657 451 689; x_wconf 85' lang='lat' dir='ltr'>Domino</span> <span class='ocrx_word' id='word_1_40' title='bbox 475 658 597 689; x_wconf 83' lang='lat' dir='ltr'>servire</span> <span class='ocrx_word' id='word_1_41' title='bbox 619 657 807 699; x_wconf 72' lang='lat' dir='ltr'>ministrum,</span> 
     </span>
     <span class='ocr_line' id='line_1_16' title="bbox 272 704 550 744; baseline -0.007 -7"><span class='ocrx_word' id='word_1_42' title='bbox 272 704 433 737; x_wconf 82' lang='lat' dir='ltr'>Imbuerat</span> <span class='ocrx_word' id='word_1_43' title='bbox 456 705 550 744; x_wconf 85' lang='lat' dir='ltr'>plene</span> 
     </span>
    </p>

    <p class='ocr_par' dir='ltr' id='par_1_12' title="bbox 272 750 732 838">
     <span class='ocr_line' id='line_1_17' title="bbox 317 750 732 791; baseline 0 -9"><span class='ocrx_word' id='word_1_44' title='bbox 317 752 438 791; x_wconf 84' lang='lat' dir='ltr'>gemino</span> <span class='ocrx_word' id='word_1_45' title='bbox 463 751 620 791; x_wconf 72' lang='lat' dir='ltr'>sapientie,</span> <span class='ocrx_word' id='word_1_46' title='bbox 643 750 732 783; x_wconf 77' lang='lat' dir='ltr'>fonte</span> 
     </span>
     <span class='ocr_line' id='line_1_18' title="bbox 272 799 616 838; baseline -0.003 -8"><span class='ocrx_word' id='word_1_47' title='bbox 272 800 368 838; x_wconf 74' lang='lat' dir='ltr'>Quem</span> <span class='ocrx_word' id='word_1_48' title='bbox 393 806 448 830; x_wconf 76' lang='lat' dir='ltr'>vas</span> <span class='ocrx_word' id='word_1_49' title='bbox 474 799 616 837; x_wconf 82' lang='lat' dir='ltr'>electum,</span> 
     </span>
    </p>

    <p class='ocr_par' dir='ltr' id='par_1_13' title="bbox 315 845 800 884">
     <span class='ocr_line' id='line_1_19' title="bbox 315 845 800 884; baseline 0.002 -8"><span class='ocrx_word' id='word_1_50' title='bbox 315 846 430 877; x_wconf 82' lang='lat' dir='ltr'>studiis</span> <span class='ocrx_word' id='word_1_51' title='bbox 454 845 599 884; x_wconf 80' lang='lat' dir='ltr'>apprime</span> <span class='ocrx_word' id='word_1_52' title='bbox 622 845 800 884; x_wconf 78' lang='lat' dir='ltr'>probatum.</span> 
     </span>
    </p>
   </div>
   <div class='ocr_carea' id='block_1_8' title="bbox 332 938 689 1033">
    <p class='ocr_par' dir='ltr' id='par_1_14' title="bbox 332 938 689 1033">
     <span class='ocr_line' id='line_1_20' title="bbox 332 938 689 971; baseline 0.003 -1"><span class='ocrx_word' id='word_1_53' title='bbox 332 939 377 970; x_wconf 84' lang='lat' dir='ltr'>In</span> <span class='ocrx_word' id='word_1_54' title='bbox 402 940 433 970; x_wconf 82' lang='lat'>2.</span> <span class='ocrx_word' id='word_1_55' title='bbox 459 938 689 971; x_wconf 81' lang='lat' dir='ltr'>Nocturno.</span> 
     </span>
     <span class='ocr_line' id='line_1_21' title="bbox 408 997 602 1033; baseline 0.005 -9"><span class='ocrx_word' id='word_1_56' title='bbox 408 997 602 1033; x_wconf 82' lang='lat' dir='ltr'>Antiphonae.</span> 
     </span>
    </p>
   </div>
   <div class='ocr_carea' id='block_1_9' title="bbox 240 1049 705 1090">
    <p class='ocr_par' dir='ltr' id='par_1_15' title="bbox 240 1049 705 1090">
     <span class='ocr_line' id='line_1_22' title="bbox 240 1049 705 1090; baseline -0.002 -8"><span class='ocrx_word' id='word_1_57' title='bbox 240 1076 246 1082; x_wconf 92' lang='lat'>.</span> <span class='ocrx_word' id='word_1_58' title='bbox 273 1050 423 1082; x_wconf 80' lang='lat' dir='ltr'>Adscitus</span> <span class='ocrx_word' id='word_1_59' title='bbox 448 1049 522 1080; x_wconf 83' lang='lat' dir='ltr'>oleri</span> <span class='ocrx_word' id='word_1_60' title='bbox 547 1049 705 1090; x_wconf 83' lang='lat' dir='ltr'>precibus,</span> 
     </span>
    </p>
   </div>
   <div class='ocr_carea' id='block_1_10' title="bbox 272 1096 747 1229">
    <p class='ocr_par' dir='ltr' id='par_1_16' title="bbox 272 1096 747 1229">
     <span class='ocr_line' id='line_1_23' title="bbox 274 1096 716 1137; baseline 0 -10"><span class='ocrx_word' id='word_1_61' title='bbox 274 1096 363 1128; x_wconf 86' lang='lat' dir='ltr'>Totis</span> <span class='ocrx_word' id='word_1_62' title='bbox 386 1096 561 1127; x_wconf 73' lang='lat' dir='ltr'>reclamans</span> <span class='ocrx_word' id='word_1_63' title='bbox 585 1096 716 1137; x_wconf 83' lang='lat' dir='ltr'>nisibus,</span> 
     </span>
     <span class='ocr_line' id='line_1_24' title="bbox 277 1142 712 1182; baseline -0.002 -7"><span class='ocrx_word' id='word_1_64' title='bbox 277 1144 327 1175; x_wconf 82' lang='lat' dir='ltr'>Ad</span> <span class='ocrx_word' id='word_1_65' title='bbox 350 1142 565 1181; x_wconf 78' lang='lat' dir='ltr'>praesulatum</span> <span class='ocrx_word' id='word_1_66' title='bbox 592 1143 712 1182; x_wconf 82' lang='lat' dir='ltr'>cogitur</span> 
     </span>
     <span class='ocr_line' id='line_1_25' title="bbox 272 1189 747 1229; baseline 0.004 -9"><span class='ocrx_word' id='word_1_67' title='bbox 272 1189 316 1220; x_wconf 85' lang='lat' dir='ltr'>Et</span> <span class='ocrx_word' id='word_1_68' title='bbox 340 1189 381 1220; x_wconf 83' lang='lat' dir='ltr'>ad</span> <span class='ocrx_word' id='word_1_69' title='bbox 405 1189 566 1221; x_wconf 80' lang='lat' dir='ltr'>Leuoham</span> <span class='ocrx_word' id='word_1_70' title='bbox 592 1190 747 1229; x_wconf 86' lang='lat' dir='ltr'>dirigitur.</span> 
     </span>
    </p>
   </div>
   <div class='ocr_carea' id='block_1_11' title="bbox 270 1244 790 1425">
    <p class='ocr_par' dir='ltr' id='par_1_17' title="bbox 271 1244 691 1334">
     <span class='ocr_line' id='line_1_26' title="bbox 279 1244 691 1285; baseline 0 -8"><span class='ocrx_word' id='word_1_71' title='bbox 279 1244 398 1277; x_wconf 85' lang='lat' dir='ltr'>Crebra</span> <span class='ocrx_word' id='word_1_72' title='bbox 423 1244 539 1276; x_wconf 80' lang='lat' dir='ltr'>(lucens</span> <span class='ocrx_word' id='word_1_73' title='bbox 561 1245 691 1285; x_wconf 84' lang='lat' dir='ltr'>jejunia,</span> 
     </span>
     <span class='ocr_line' id='line_1_27' title="bbox 271 1291 648 1334; baseline 0 -11"><span class='ocrx_word' id='word_1_74' title='bbox 271 1291 347 1323; x_wconf 85' lang='lat' dir='ltr'>Sese</span> <span class='ocrx_word' id='word_1_75' title='bbox 369 1293 510 1323; x_wconf 80' lang='lat' dir='ltr'>mactans</span> <span class='ocrx_word' id='word_1_76' title='bbox 534 1291 648 1334; x_wconf 83' lang='lat' dir='ltr'>inedia,</span> 
     </span>
    </p>

    <p class='ocr_par' dir='ltr' id='par_1_18' title="bbox 270 1338 790 1425">
     <span class='ocr_line' id='line_1_28' title="bbox 270 1338 790 1379; baseline -0.002 -9"><span class='ocrx_word' id='word_1_77' title='bbox 270 1338 354 1370; x_wconf 88' lang='lat' dir='ltr'>Dum</span> <span class='ocrx_word' id='word_1_78' title='bbox 380 1338 530 1378; x_wconf 79' lang='lat' dir='ltr'><strong>lymphae</strong></span> <span class='ocrx_word' id='word_1_79' title='bbox 554 1341 662 1377; x_wconf 78' lang='lat' dir='ltr'>potum</span> <span class='ocrx_word' id='word_1_80' title='bbox 687 1339 790 1379; x_wconf 78' lang='lat' dir='ltr'>petiit,</span> 
     </span>
     <span class='ocr_line' id='line_1_29' title="bbox 276 1385 672 1425; baseline 0 -9"><span class='ocrx_word' id='word_1_81' title='bbox 276 1385 350 1416; x_wconf 89' lang='lat' dir='ltr'>Vini</span> <span class='ocrx_word' id='word_1_82' title='bbox 374 1393 519 1425; x_wconf 82' lang='lat' dir='ltr'>saporem</span> <span class='ocrx_word' id='word_1_83' title='bbox 543 1386 672 1424; x_wconf 84' lang='lat' dir='ltr'>reperit.</span> 
     </span>
    </p>
   </div>
   <div class='ocr_carea' id='block_1_12' title="bbox 275 1440 819 1620">
    <p class='ocr_par' dir='ltr' id='par_1_19' title="bbox 276 1440 819 1567">
     <span class='ocr_line' id='line_1_30' title="bbox 277 1440 742 1481; baseline 0.002 -9"><span class='ocrx_word' id='word_1_84' title='bbox 277 1441 377 1472; x_wconf 76' lang='lat' dir='ltr'>Auxit</span> <span class='ocrx_word' id='word_1_85' title='bbox 400 1440 517 1473; x_wconf 86' lang='lat' dir='ltr'>victum</span> <span class='ocrx_word' id='word_1_86' title='bbox 540 1442 742 1481; x_wconf 80' lang='lat' dir='ltr'>pauperibus,</span> 
     </span>
     <span class='ocr_line' id='line_1_31' title="bbox 276 1486 819 1531; baseline 0.004 -12"><span class='ocrx_word' id='word_1_87' title='bbox 276 1487 359 1519; x_wconf 89' lang='lat' dir='ltr'>Dum</span> <span class='ocrx_word' id='word_1_88' title='bbox 392 1486 506 1519; x_wconf 82' lang='lat' dir='ltr'>famem</span> <span class='ocrx_word' id='word_1_89' title='bbox 529 1487 652 1527; x_wconf 83' lang='lat' dir='ltr'>perfert</span> <span class='ocrx_word' id='word_1_90' title='bbox 673 1489 819 1531; x_wconf 83' lang='lat' dir='ltr'>populus,</span> 
     </span>
     <span class='ocr_line' id='line_1_32' title="bbox 276 1534 634 1567; baseline 0.003 -2"><span class='ocrx_word' id='word_1_91' title='bbox 276 1534 326 1565; x_wconf 87' lang='lat' dir='ltr'>De</span> <span class='ocrx_word' id='word_1_92' title='bbox 349 1534 472 1566; x_wconf 81' lang='lat' dir='ltr'>modica</span> <span class='ocrx_word' id='word_1_93' title='bbox 497 1534 634 1567; x_wconf 76' lang='lat' dir='ltr'>farinula</span> 
     </span>
    </p>

    <p class='ocr_par' dir='ltr' id='par_1_20' title="bbox 275 1581 680 1620">
     <span class='ocr_line' id='line_1_33' title="bbox 275 1581 680 1620; baseline 0 -7"><span class='ocrx_word' id='word_1_94' title='bbox 275 1581 379 1613; x_wconf 82' lang='lat' dir='ltr'>Multa</span> <span class='ocrx_word' id='word_1_95' title='bbox 403 1581 562 1620; x_wconf 86' lang='lat' dir='ltr'>pascendo</span> <span class='ocrx_word' id='word_1_96' title='bbox 584 1581 680 1613; x_wconf 84' lang='lat' dir='ltr'>milia.</span> 
     </span>
    </p>
   </div>
   <div class='ocr_carea' id='block_1_13' title="bbox 410 1654 614 1689">
    <p class='ocr_par' dir='ltr' id='par_1_21' title="bbox 410 1654 614 1689">
     <span class='ocr_line' id='line_1_34' title="bbox 410 1654 614 1689; baseline -0.005 -8"><span class='ocrx_word' id='word_1_97' title='bbox 410 1654 614 1689; x_wconf 86' lang='lat' dir='ltr'>Responsoria.</span> 
     </span>
    </p>
   </div>
   <div class='ocr_carea' id='block_1_14' title="bbox 241 1701 597 1736">
    <p class='ocr_par' dir='ltr' id='par_1_22' title="bbox 241 1701 597 1736">
     <span class='ocr_line' id='line_1_35' title="bbox 241 1701 597 1736; baseline -0.011 0"><span class='ocrx_word' id='word_1_98' title='bbox 241 1729 247 1736; x_wconf 94' lang='lat'><em>.</em></span> <span class='ocrx_word' id='word_1_99' title='bbox 272 1702 335 1734; x_wconf 77' lang='lat' dir='ltr'>Hic</span> <span class='ocrx_word' id='word_1_100' title='bbox 357 1701 503 1734; x_wconf 75' lang='lat' dir='ltr'>Leuehae</span> <span class='ocrx_word' id='word_1_101' title='bbox 528 1701 597 1732; x_wconf 79' lang='lat' dir='ltr'>sedi</span> 
     </span>
    </p>
   </div>
   <div class='ocr_carea' id='block_1_15' title="bbox 275 1748 820 2069">
    <p class='ocr_par' dir='ltr' id='par_1_23' title="bbox 275 1748 762 1827">
     <span class='ocr_line' id='line_1_36' title="bbox 320 1748 762 1788; baseline -0.002 -8"><span class='ocrx_word' id='word_1_102' title='bbox 320 1748 468 1780; x_wconf 80' lang='lat' dir='ltr'>laudatur</span> <span class='ocrx_word' id='word_1_103' title='bbox 491 1749 618 1787; x_wconf 84' lang='lat' dir='ltr'>praesul</span> <span class='ocrx_word' id='word_1_104' title='bbox 642 1748 762 1788; x_wconf 81' lang='lat' dir='ltr'>haberi,</span> 
     </span>
     <span class='ocr_line' id='line_1_37' title="bbox 275 1794 568 1827; baseline -0.01 1"><span class='ocrx_word' id='word_1_105' title='bbox 275 1795 434 1827; x_wconf 78' lang='lat' dir='ltr'>Tritieeae</span> <span class='ocrx_word' id='word_1_106' title='bbox 458 1794 568 1826; x_wconf 79' lang='lat' dir='ltr'>messis</span> 
     </span>
    </p>

    <p class='ocr_par' dir='ltr' id='par_1_24' title="bbox 276 1841 797 1928">
     <span class='ocr_line' id='line_1_38' title="bbox 324 1841 797 1884; baseline 0.002 -11"><span class='ocrx_word' id='word_1_107' title='bbox 324 1841 444 1874; x_wconf 81' lang='lat' dir='ltr'>tribuat</span> <span class='ocrx_word' id='word_1_108' title='bbox 468 1842 521 1881; x_wconf 86' lang='lat' dir='ltr'>qui</span> <span class='ocrx_word' id='word_1_109' title='bbox 544 1841 663 1880; x_wconf 81' lang='lat' dir='ltr'>pabula</span> <span class='ocrx_word' id='word_1_110' title='bbox 687 1842 797 1884; x_wconf 86' lang='lat' dir='ltr'>servis,</span> 
     </span>
     <span class='ocr_line' id='line_1_39' title="bbox 276 1886 618 1928; baseline -0.006 -6"><span class='ocrx_word' id='word_1_111' title='bbox 276 1889 322 1922; x_wconf 86' lang='lat' dir='ltr'>Ut</span> <span class='ocrx_word' id='word_1_112' title='bbox 348 1888 511 1928; x_wconf 75' lang='lat' dir='ltr'>duplicata</span> <span class='ocrx_word' id='word_1_113' title='bbox 535 1886 618 1920; x_wconf 72' lang='lat' dir='ltr'>ferat</span> 
     </span>
    </p>

    <p class='ocr_par' dir='ltr' id='par_1_25' title="bbox 276 1934 785 2022">
     <span class='ocr_line' id='line_1_40' title="bbox 325 1934 785 1976; baseline 0 -9"><span class='ocrx_word' id='word_1_114' title='bbox 325 1935 459 1968; x_wconf 89' lang='lat' dir='ltr'>Domino</span> <span class='ocrx_word' id='word_1_115' title='bbox 482 1934 628 1967; x_wconf 86' lang='lat' dir='ltr'>veniente</span> <span class='ocrx_word' id='word_1_116' title='bbox 650 1935 785 1976; x_wconf 79' lang='lat' dir='ltr'>telenta3</span> 
     </span>
     <span class='ocr_line' id='line_1_41' title="bbox 276 1982 645 2022; baseline -0.005 -7"><span class='ocrx_word' id='word_1_117' title='bbox 276 1983 344 2015; x_wconf 84' lang='lat' dir='ltr'>Hos</span> <span class='ocrx_word' id='word_1_118' title='bbox 368 1982 467 2015; x_wconf 75' lang='lat' dir='ltr'>trahit</span> <span class='ocrx_word' id='word_1_119' title='bbox 491 1983 645 2022; x_wconf 76' lang='lat' dir='ltr'>exemplo,</span> 
     </span>
    </p>

    <p class='ocr_par' dir='ltr' id='par_1_26' title="bbox 324 2028 820 2069">
     <span class='ocr_line' id='line_1_42' title="bbox 324 2028 820 2069; baseline -0.004 -8"><span class='ocrx_word' id='word_1_120' title='bbox 324 2029 415 2061; x_wconf 87' lang='lat' dir='ltr'>verbi</span> <span class='ocrx_word' id='word_1_121' title='bbox 439 2037 560 2069; x_wconf 86' lang='lat' dir='ltr'>quoque</span> <span class='ocrx_word' id='word_1_122' title='bbox 585 2028 702 2061; x_wconf 79' lang='lat' dir='ltr'>famine</span> <span class='ocrx_word' id='word_1_123' title='bbox 727 2029 820 2061; x_wconf 83' lang='lat' dir='ltr'>claro.</span> 
     </span>
    </p>
   </div>
   <div class='ocr_carea' id='block_1_16' title="bbox 243 2084 573 2125">
    <p class='ocr_par' dir='ltr' id='par_1_27' title="bbox 243 2084 573 2125">
     <span class='ocr_line' id='line_1_43' title="bbox 243 2084 573 2125; baseline -0.009 -6"><span class='ocrx_word' id='word_1_124' title='bbox 243 2109 253 2118; x_wconf 76' lang='lat'><em>.</em></span> <span class='ocrx_word' id='word_1_125' title='bbox 278 2086 435 2125; x_wconf 77' lang='lat' dir='ltr'>Prodigiis</span> <span class='ocrx_word' id='word_1_126' title='bbox 458 2084 573 2123; x_wconf 77' lang='lat' dir='ltr'>firmat,</span> 
     </span>
    </p>
   </div>
   <div class='ocr_carea' id='block_1_17' title="bbox 278 2132 822 2313">
    <p class='ocr_par' dir='ltr' id='par_1_28' title="bbox 278 2132 822 2313">
     <span class='ocr_line' id='line_1_44' title="bbox 326 2132 822 2173; baseline -0.002 -9"><span class='ocrx_word' id='word_1_127' title='bbox 326 2132 418 2166; x_wconf 84' lang='lat' dir='ltr'>dietis</span> <span class='ocrx_word' id='word_1_128' title='bbox 436 2140 557 2172; x_wconf 86' lang='lat' dir='ltr'>quoque</span> <span class='ocrx_word' id='word_1_129' title='bbox 575 2132 721 2173; x_wconf 85' lang='lat' dir='ltr'>dogmata</span> <span class='ocrx_word' id='word_1_130' title='bbox 735 2140 822 2163; x_wconf 76' lang='lat' dir='ltr'>mon-</span> 
     </span>
     <span class='ocr_line' id='line_1_45' title="bbox 599 2182 689 2222; baseline -0.011 -12"><span class='ocrx_word' id='word_1_131' title='bbox 599 2182 689 2222; x_wconf 79' lang='lat' dir='ltr'>strat,</span> 
     </span>
     <span class='ocr_line' id='line_1_46' title="bbox 278 2227 599 2258; baseline -0.003 0"><span class='ocrx_word' id='word_1_132' title='bbox 278 2227 449 2258; x_wconf 80' lang='lat' dir='ltr'>Immutans</span> <span class='ocrx_word' id='word_1_133' title='bbox 474 2227 599 2258; x_wconf 83' lang='lat' dir='ltr'>laticem</span> 
     </span>
     <span class='ocr_line' id='line_1_47' title="bbox 325 2272 759 2313; baseline -0.005 -7"><span class='ocrx_word' id='word_1_134' title='bbox 325 2273 381 2306; x_wconf 74' lang='lat' dir='ltr'>dat</span> <span class='ocrx_word' id='word_1_135' title='bbox 404 2273 470 2305; x_wconf 78' lang='lat' dir='ltr'>vini</span> <span class='ocrx_word' id='word_1_136' title='bbox 495 2272 581 2305; x_wconf 78' lang='lat' dir='ltr'>ferre</span> <span class='ocrx_word' id='word_1_137' title='bbox 603 2281 759 2313; x_wconf 77' lang='lat' dir='ltr'>saporem,</span> 
     </span>
    </p>
   </div>
   <div class='ocr_carea' id='block_1_18' title="bbox 875 128 1492 695">
    <p class='ocr_par' dir='ltr' id='par_1_29' title="bbox 875 128 1492 695">
     <span class='ocr_line' id='line_1_48' title="bbox 946 128 1266 165; baseline -0.009 -1"><span class='ocrx_word' id='word_1_138' title='bbox 946 134 995 165; x_wconf 88' lang='lat' dir='ltr'>De</span> <span class='ocrx_word' id='word_1_139' title='bbox 1018 131 1143 164; x_wconf 81' lang='lat' dir='ltr'>mod-ico</span> <span class='ocrx_word' id='word_1_140' title='bbox 1169 128 1266 162; x_wconf 76' lang='lat' dir='ltr'>farris</span> 
     </span>
     <span class='ocr_line' id='line_1_49' title="bbox 991 176 1399 216; baseline -0.007 -5"><span class='ocrx_word' id='word_1_141' title='bbox 991 180 1146 211; x_wconf 80' lang='lat' dir='ltr'>satiantur</span> <span class='ocrx_word' id='word_1_142' title='bbox 1174 177 1264 209; x_wconf 76' lang='lat' dir='ltr'>milia</span> <span class='ocrx_word' id='word_1_143' title='bbox 1286 176 1399 216; x_wconf 81' lang='lat' dir='ltr'>plebis.</span> 
     </span>
     <span class='ocr_line' id='line_1_50' title="bbox 875 223 1295 266; baseline -0.01 -7"><span class='ocrx_word' id='word_1_144' title='bbox 875 228 912 259; x_wconf 90' lang='lat' dir='ltr'>V.</span> <span class='ocrx_word' id='word_1_145' title='bbox 942 227 1173 266; x_wconf 81' lang='lat' dir='ltr'>Restauratque</span> <span class='ocrx_word' id='word_1_146' title='bbox 1199 223 1295 263; x_wconf 83' lang='lat' dir='ltr'>eibos,</span> 
     </span>
     <span class='ocr_line' id='line_1_51' title="bbox 992 270 1471 311; baseline -0.006 -6"><span class='ocrx_word' id='word_1_147' title='bbox 992 272 1101 305; x_wconf 83' lang='lat' dir='ltr'>furtim</span> <span class='ocrx_word' id='word_1_148' title='bbox 1127 272 1201 304; x_wconf 83' lang='lat' dir='ltr'>dum</span> <span class='ocrx_word' id='word_1_149' title='bbox 1224 270 1328 311; x_wconf 79' lang='lat' dir='ltr'>pascit</span> <span class='ocrx_word' id='word_1_150' title='bbox 1348 277 1471 309; x_wconf 80' lang='lat' dir='ltr'>egenos.</span> 
     </span>
     <span class='ocr_line' id='line_1_52' title="bbox 886 327 1286 369; baseline -0.013 -7"><span class='ocrx_word' id='word_1_151' title='bbox 886 331 916 362; x_wconf 84' lang='lat'>3.</span> <span class='ocrx_word' id='word_1_152' title='bbox 944 329 1097 369; x_wconf 81' lang='lat' dir='ltr'>Pauperis</span> <span class='ocrx_word' id='word_1_153' title='bbox 1121 329 1155 360; x_wconf 91' lang='lat' dir='ltr'>in</span> <span class='ocrx_word' id='word_1_154' title='bbox 1179 327 1286 367; x_wconf 84' lang='lat' dir='ltr'>speeie</span> 
     </span>
     <span class='ocr_line' id='line_1_53' title="bbox 994 372 1492 408; baseline -0.014 0"><span class='ocrx_word' id='word_1_155' title='bbox 994 375 1153 408; x_wconf 79' lang='lat' dir='ltr'>Christum</span> <span class='ocrx_word' id='word_1_156' title='bbox 1171 373 1234 405; x_wconf 82' lang='lat' dir='ltr'>sibi</span> <span class='ocrx_word' id='word_1_157' title='bbox 1251 373 1353 406; x_wconf 74' lang='lat' dir='ltr'>cernit</span> <span class='ocrx_word' id='word_1_158' title='bbox 1369 372 1492 405; x_wconf 65' lang='lat' dir='ltr'>adesse,</span> 
     </span>
     <span class='ocr_line' id='line_1_54' title="bbox 944 421 1249 462; baseline -0.013 -7"><span class='ocrx_word' id='word_1_159' title='bbox 944 423 1074 462; x_wconf 85' lang='lat' dir='ltr'>Eripuit</span> <span class='ocrx_word' id='word_1_160' title='bbox 1097 421 1249 461; x_wconf 85' lang='lat' dir='ltr'>populum</span> 
     </span>
     <span class='ocr_line' id='line_1_55' title="bbox 989 465 1492 506; baseline -0.01 -5"><span class='ocrx_word' id='word_1_161' title='bbox 989 469 1170 501; x_wconf 75' lang='lat' dir='ltr'>miseranda</span> <span class='ocrx_word' id='word_1_162' title='bbox 1203 466 1295 499; x_wconf 76' lang='lat' dir='ltr'>clade</span> <span class='ocrx_word' id='word_1_163' title='bbox 1318 465 1492 506; x_wconf 69' lang='lat' dir='ltr'>subactum,</span> 
     </span>
     <span class='ocr_line' id='line_1_56' title="bbox 943 514 1303 554; baseline -0.008 -6"><span class='ocrx_word' id='word_1_164' title='bbox 943 517 1048 548; x_wconf 84' lang='lat' dir='ltr'>Dante</span> <span class='ocrx_word' id='word_1_165' title='bbox 1072 515 1155 548; x_wconf 84' lang='lat' dir='ltr'>Noto</span> <span class='ocrx_word' id='word_1_166' title='bbox 1180 514 1303 554; x_wconf 87' lang='lat' dir='ltr'>pluvias</span> 
     </span>
     <span class='ocr_line' id='line_1_57' title="bbox 990 560 1476 601; baseline -0.006 -8"><span class='ocrx_word' id='word_1_167' title='bbox 990 562 1104 594; x_wconf 75' lang='lat' dir='ltr'>tribuit</span> <span class='ocrx_word' id='word_1_168' title='bbox 1128 560 1298 601; x_wconf 74' lang='lat' dir='ltr'>splendere</span> <span class='ocrx_word' id='word_1_169' title='bbox 1319 561 1476 595; x_wconf 68' lang='lat' dir='ltr'>lucernas,</span> 
     </span>
     <span class='ocr_line' id='line_1_58' title="bbox 876 608 1263 643; baseline -0.005 -2"><span class='ocrx_word' id='word_1_170' title='bbox 876 609 910 641; x_wconf 91' lang='lat' dir='ltr'>V.</span> <span class='ocrx_word' id='word_1_171' title='bbox 944 608 1135 643; x_wconf 83' lang='lat' dir='ltr'>Coenobium</span> <span class='ocrx_word' id='word_1_172' title='bbox 1161 608 1263 640; x_wconf 83' lang='lat' dir='ltr'>saneti</span> 
     </span>
     <span class='ocr_line' id='line_1_59' title="bbox 990 655 1456 695; baseline -0.004 -7"><span class='ocrx_word' id='word_1_173' title='bbox 990 659 1157 688; x_wconf 74' lang='lat' dir='ltr'>conservat</span> <span class='ocrx_word' id='word_1_174' title='bbox 1179 655 1219 686; x_wconf 85' lang='lat' dir='ltr'>ab</span> <span class='ocrx_word' id='word_1_175' title='bbox 1243 655 1317 695; x_wconf 80' lang='lat' dir='ltr'>igne</span> <span class='ocrx_word' id='word_1_176' title='bbox 1339 655 1456 687; x_wconf 74' lang='lat' dir='ltr'>voraci.</span> 
     </span>
    </p>
   </div>
   <div class='ocr_carea' id='block_1_19' title="bbox 1008 768 1366 869">
    <p class='ocr_par' dir='ltr' id='par_1_30' title="bbox 1008 768 1366 869">
     <span class='ocr_line' id='line_1_60' title="bbox 1008 768 1366 801; baseline 0 -1"><span class='ocrx_word' id='word_1_177' title='bbox 1008 769 1054 800; x_wconf 92' lang='lat' dir='ltr'>In</span> <span class='ocrx_word' id='word_1_178' title='bbox 1079 770 1110 801; x_wconf 82' lang='lat'>3.</span> <span class='ocrx_word' id='word_1_179' title='bbox 1136 768 1366 800; x_wconf 62' lang='lat' dir='ltr'>Nocturna</span> 
     </span>
     <span class='ocr_line' id='line_1_61' title="bbox 1088 832 1284 869; baseline -0.005 -9"><span class='ocrx_word' id='word_1_180' title='bbox 1088 832 1284 869; x_wconf 81' lang='lat' dir='ltr'>Antiphonae.</span> 
     </span>
    </p>
   </div>
   <div class='ocr_carea' id='block_1_20' title="bbox 888 888 1468 1265">
    <p class='ocr_par' dir='ltr' id='par_1_31' title="bbox 888 888 1423 1070">
     <span class='ocr_line' id='line_1_62' title="bbox 888 888 1423 930; baseline -0.009 -5"><span class='ocrx_word' id='word_1_181' title='bbox 888 892 919 925; x_wconf 87' lang='lat'>1.</span> <span class='ocrx_word' id='word_1_182' title='bbox 948 891 1101 930; x_wconf 81' lang='lat' dir='ltr'>Christus,</span> <span class='ocrx_word' id='word_1_183' title='bbox 1127 898 1247 922; x_wconf 85' lang='lat' dir='ltr'>merces</span> <span class='ocrx_word' id='word_1_184' title='bbox 1272 888 1423 928; x_wconf 88' lang='lat' dir='ltr'>fidelium,</span> 
     </span>
     <span class='ocr_line' id='line_1_63' title="bbox 947 935 1366 977; baseline -0.007 -7"><span class='ocrx_word' id='word_1_185' title='bbox 947 938 1045 970; x_wconf 80' lang='lat' dir='ltr'>Suum</span> <span class='ocrx_word' id='word_1_186' title='bbox 1067 937 1180 969; x_wconf 79' lang='lat' dir='ltr'>revisit</span> <span class='ocrx_word' id='word_1_187' title='bbox 1204 935 1366 977; x_wconf 80' lang='lat' dir='ltr'>famulum,</span> 
     </span>
     <span class='ocr_line' id='line_1_64' title="bbox 947 983 1346 1024; baseline -0.008 -7"><span class='ocrx_word' id='word_1_188' title='bbox 947 983 1011 1017; x_wconf 82' lang='lat' dir='ltr'>Sub</span> <span class='ocrx_word' id='word_1_189' title='bbox 1037 984 1185 1024; x_wconf 82' lang='lat' dir='ltr'>pauperis</span> <span class='ocrx_word' id='word_1_190' title='bbox 1210 983 1346 1023; x_wconf 82' lang='lat' dir='ltr'>imagine</span> 
     </span>
     <span class='ocr_line' id='line_1_65' title="bbox 943 1030 1369 1070; baseline -0.002 -8"><span class='ocrx_word' id='word_1_191' title='bbox 943 1031 1019 1063; x_wconf 79' lang='lat' dir='ltr'>Sese</span> <span class='ocrx_word' id='word_1_192' title='bbox 1045 1031 1190 1070; x_wconf 78' lang='lat' dir='ltr'>dignatus</span> <span class='ocrx_word' id='word_1_193' title='bbox 1216 1030 1369 1069; x_wconf 37' lang='lat' dir='ltr'>pandere*</span> 
     </span>
    </p>

    <p class='ocr_par' dir='ltr' id='par_1_32' title="bbox 888 1085 1468 1265">
     <span class='ocr_line' id='line_1_66' title="bbox 888 1085 1335 1124; baseline -0.009 -4"><span class='ocrx_word' id='word_1_194' title='bbox 888 1093 918 1120; x_wconf 68' lang='grc' dir='ltr'>Ζ.</span> <span class='ocrx_word' id='word_1_195' title='bbox 945 1086 1016 1118; x_wconf 84' lang='lat' dir='ltr'>Suis</span> <span class='ocrx_word' id='word_1_196' title='bbox 1043 1086 1163 1118; x_wconf 85' lang='lat' dir='ltr'>devotis</span> <span class='ocrx_word' id='word_1_197' title='bbox 1189 1085 1335 1124; x_wconf 82' lang='lat' dir='ltr'>precibus</span> 
     </span>
     <span class='ocr_line' id='line_1_67' title="bbox 944 1133 1329 1172; baseline -0.005 -7"><span class='ocrx_word' id='word_1_198' title='bbox 944 1133 1006 1165; x_wconf 86' lang='lat' dir='ltr'>Dei</span> <span class='ocrx_word' id='word_1_199' title='bbox 1028 1133 1156 1172; x_wconf 72' lang='lat' dir='ltr'>praesul</span> <span class='ocrx_word' id='word_1_200' title='bbox 1180 1133 1329 1164; x_wconf 78' lang='lat' dir='ltr'>emeritus</span> 
     </span>
     <span class='ocr_line' id='line_1_68' title="bbox 945 1178 1385 1218; baseline -0.002 -7"><span class='ocrx_word' id='word_1_201' title='bbox 945 1181 975 1211; x_wconf 92' lang='lat' dir='ltr'>A</span> <span class='ocrx_word' id='word_1_202' title='bbox 1002 1179 1091 1211; x_wconf 80' lang='lat' dir='ltr'>clade</span> <span class='ocrx_word' id='word_1_203' title='bbox 1112 1180 1236 1218; x_wconf 80' lang='lat' dir='ltr'>plebem</span> <span class='ocrx_word' id='word_1_204' title='bbox 1261 1178 1385 1218; x_wconf 84' lang='lat' dir='ltr'>liberat,</span> 
     </span>
     <span class='ocr_line' id='line_1_69' title="bbox 946 1226 1468 1265; baseline 0 -7"><span class='ocrx_word' id='word_1_205' title='bbox 946 1226 1045 1265; x_wconf 70' lang='lat' dir='ltr'>Quam</span> <span class='ocrx_word' id='word_1_206' title='bbox 1068 1234 1164 1258; x_wconf 76' lang='lat' dir='ltr'>saeva</span> <span class='ocrx_word' id='word_1_207' title='bbox 1186 1235 1272 1257; x_wconf 81' lang='lat' dir='ltr'>mors</span> <span class='ocrx_word' id='word_1_208' title='bbox 1295 1226 1468 1258; x_wconf 70' lang='lat' dir='ltr'>invaserat.</span> 
     </span>
    </p>
   </div>
   <div class='ocr_carea' id='block_1_21' title="bbox 889 1281 1423 1462">
    <p class='ocr_par' dir='ltr' id='par_1_33' title="bbox 889 1281 1423 1462">
     <span class='ocr_line' id='line_1_70' title="bbox 889 1281 1407 1323; baseline -0.006 -8"><span class='ocrx_word' id='word_1_209' title='bbox 889 1283 919 1316; x_wconf 84' lang='lat'>3.</span> <span class='ocrx_word' id='word_1_210' title='bbox 947 1283 1061 1315; x_wconf 81' lang='lat' dir='ltr'>Sancte</span> <span class='ocrx_word' id='word_1_211' title='bbox 1086 1281 1229 1314; x_wconf 84' lang='lat' dir='ltr'>Gerarde</span> <span class='ocrx_word' id='word_1_212' title='bbox 1253 1281 1407 1323; x_wconf 84' lang='lat' dir='ltr'>pontifex,</span> 
     </span>
     <span class='ocr_line' id='line_1_71' title="bbox 947 1328 1423 1369; baseline 0 -10"><span class='ocrx_word' id='word_1_213' title='bbox 947 1329 1105 1361; x_wconf 86' lang='lat' dir='ltr'>Virtutum</span> <span class='ocrx_word' id='word_1_214' title='bbox 1127 1328 1223 1360; x_wconf 81' lang='lat' dir='ltr'>laude</span> <span class='ocrx_word' id='word_1_215' title='bbox 1245 1328 1423 1369; x_wconf 79' lang='lat' dir='ltr'>multiplex,</span> 
     </span>
     <span class='ocr_line' id='line_1_72' title="bbox 946 1375 1363 1416; baseline -0.002 -9"><span class='ocrx_word' id='word_1_216' title='bbox 946 1376 1031 1407; x_wconf 85' lang='lat' dir='ltr'>Tuus</span> <span class='ocrx_word' id='word_1_217' title='bbox 1058 1377 1201 1414; x_wconf 80' lang='lat' dir='ltr'>deposcit</span> <span class='ocrx_word' id='word_1_218' title='bbox 1217 1375 1363 1416; x_wconf 85' lang='lat' dir='ltr'>populus,</span> 
     </span>
     <span class='ocr_line' id='line_1_73' title="bbox 947 1422 1411 1462; baseline 0 -7"><span class='ocrx_word' id='word_1_219' title='bbox 947 1422 1108 1462; x_wconf 79' lang='lat' dir='ltr'>Gonjunge</span> <span class='ocrx_word' id='word_1_220' title='bbox 1130 1431 1189 1455; x_wconf 81' lang='lat' dir='ltr'>nos</span> <span class='ocrx_word' id='word_1_221' title='bbox 1213 1422 1411 1456; x_wconf 75' lang='lat' dir='ltr'>coelestibuS.</span> 
     </span>
    </p>
   </div>
   <div class='ocr_carea' id='block_1_22' title="bbox 1080 1505 1283 1540">
    <p class='ocr_par' dir='ltr' id='par_1_34' title="bbox 1080 1505 1283 1540">
     <span class='ocr_line' id='line_1_74' title="bbox 1080 1505 1283 1540; baseline -0.01 -7"><span class='ocrx_word' id='word_1_222' title='bbox 1080 1505 1283 1540; x_wconf 82' lang='lat' dir='ltr'>Responsoria.</span> 
     </span>
    </p>
   </div>
   <div class='ocr_carea' id='block_1_23' title="bbox 878 1561 1495 2316">
    <p class='ocr_par' dir='ltr' id='par_1_35' title="bbox 878 1561 1495 2316">
     <span class='ocr_line' id='line_1_75' title="bbox 892 1561 1269 1594; baseline -0.003 0"><span class='ocrx_word' id='word_1_223' title='bbox 892 1562 921 1594; x_wconf 87' lang='lat'>1.</span> <span class='ocrx_word' id='word_1_224' title='bbox 949 1561 1096 1594; x_wconf 84' lang='lat' dir='ltr'>Pluribus</span> <span class='ocrx_word' id='word_1_225' title='bbox 1121 1562 1170 1593; x_wconf 82' lang='lat' dir='ltr'>his</span> <span class='ocrx_word' id='word_1_226' title='bbox 1196 1562 1269 1593; x_wconf 85' lang='lat' dir='ltr'>aliis</span> 
     </span>
     <span class='ocr_line' id='line_1_76' title="bbox 995 1609 1431 1648; baseline 0.007 -9"><span class='ocrx_word' id='word_1_227' title='bbox 995 1612 1104 1640; x_wconf 70' lang='lat' dir='ltr'>sancte</span> <span class='ocrx_word' id='word_1_228' title='bbox 1130 1609 1266 1642; x_wconf 83' lang='lat' dir='ltr'>vivendo</span> <span class='ocrx_word' id='word_1_229' title='bbox 1290 1610 1431 1648; x_wconf 68' lang='lat' dir='ltr'>peractis</span> 
     </span>
     <span class='ocr_line' id='line_1_77' title="bbox 946 1654 1209 1694; baseline 0.004 -8"><span class='ocrx_word' id='word_1_230' title='bbox 946 1654 1093 1694; x_wconf 87' lang='lat' dir='ltr'>Eripitur</span> <span class='ocrx_word' id='word_1_231' title='bbox 1116 1655 1209 1687; x_wconf 83' lang='lat' dir='ltr'>terris</span> 
     </span>
     <span class='ocr_line' id='line_1_78' title="bbox 995 1702 1495 1745; baseline 0.01 -13"><span class='ocrx_word' id='word_1_232' title='bbox 995 1702 1164 1734; x_wconf 74' lang='lat' dir='ltr'>sociandus</span> <span class='ocrx_word' id='word_1_233' title='bbox 1186 1702 1221 1734; x_wconf 82' lang='lat' dir='ltr'>iu</span> <span class='ocrx_word' id='word_1_234' title='bbox 1244 1702 1374 1735; x_wconf 76' lang='lat' dir='ltr'>aethere</span> <span class='ocrx_word' id='word_1_235' title='bbox 1390 1705 1495 1745; x_wconf 58' lang='lat' dir='ltr'>justis,</span> 
     </span>
     <span class='ocr_line' id='line_1_79' title="bbox 948 1748 1286 1791; baseline 0.009 -12"><span class='ocrx_word' id='word_1_236' title='bbox 948 1748 1084 1788; x_wconf 85' lang='lat' dir='ltr'>Spiritus</span> <span class='ocrx_word' id='word_1_237' title='bbox 1107 1749 1174 1781; x_wconf 83' lang='lat' dir='ltr'>alta</span> <span class='ocrx_word' id='word_1_238' title='bbox 1196 1751 1286 1791; x_wconf 85' lang='lat' dir='ltr'>petit,</span> 
     </span>
     <span class='ocr_line' id='line_1_80' title="bbox 995 1795 1406 1837; baseline 0.012 -11"><span class='ocrx_word' id='word_1_239' title='bbox 995 1795 1096 1827; x_wconf 75' lang='lat' dir='ltr'>claret</span> <span class='ocrx_word' id='word_1_240' title='bbox 1118 1797 1290 1829; x_wconf 80' lang='lat' dir='ltr'>virtutibus</span> <span class='ocrx_word' id='word_1_241' title='bbox 1314 1798 1406 1837; x_wconf 75' lang='lat' dir='ltr'>orbi3</span> 
     </span>
     <span class='ocr_line' id='line_1_81' title="bbox 878 1842 1287 1883; baseline 0.007 -10"><span class='ocrx_word' id='word_1_242' title='bbox 878 1842 916 1874; x_wconf 91' lang='lat' dir='ltr'>V.</span> <span class='ocrx_word' id='word_1_243' title='bbox 945 1843 996 1874; x_wconf 84' lang='lat' dir='ltr'>Ad</span> <span class='ocrx_word' id='word_1_244' title='bbox 1022 1843 1174 1875; x_wconf 87' lang='lat' dir='ltr'>tumulum</span> <span class='ocrx_word' id='word_1_245' title='bbox 1199 1845 1287 1883; x_wconf 82' lang='lat' dir='ltr'>cujus</span> 
     </span>
     <span class='ocr_line' id='line_1_82' title="bbox 992 1889 1494 1932; baseline 0.012 -12"><span class='ocrx_word' id='word_1_246' title='bbox 992 1889 1106 1929; x_wconf 72' lang='lat' dir='ltr'>recipit</span> <span class='ocrx_word' id='word_1_247' title='bbox 1130 1891 1179 1922; x_wconf 84' lang='lat' dir='ltr'>vir</span> <span class='ocrx_word' id='word_1_248' title='bbox 1201 1891 1371 1932; x_wconf 76' lang='lat' dir='ltr'>languidus</span> <span class='ocrx_word' id='word_1_249' title='bbox 1395 1896 1494 1926; x_wconf 76' lang='lat' dir='ltr'>artus.</span> 
     </span>
     <span class='ocr_line' id='line_1_83' title="bbox 893 1946 1293 1986; baseline 0.008 -9"><span class='ocrx_word' id='word_1_250' title='bbox 893 1947 923 1977; x_wconf 85' lang='lat'>2.</span> <span class='ocrx_word' id='word_1_251' title='bbox 951 1946 974 1978; x_wconf 96' lang='lat' dir='ltr'>O</span> <span class='ocrx_word' id='word_1_252' title='bbox 1000 1950 1119 1984; x_wconf 83' lang='lat' dir='ltr'>pastor.</span> <span class='ocrx_word' id='word_1_253' title='bbox 1145 1948 1293 1986; x_wconf 81' lang='lat' dir='ltr'>proprios</span> 
     </span>
     <span class='ocr_line' id='line_1_84' title="bbox 995 1991 1471 2037; baseline 0.008 -13"><span class='ocrx_word' id='word_1_254' title='bbox 995 1991 1103 2025; x_wconf 74' lang='lat' dir='ltr'>refove</span> <span class='ocrx_word' id='word_1_255' title='bbox 1125 1995 1293 2027; x_wconf 78' lang='lat' dir='ltr'>miseratus</span> <span class='ocrx_word' id='word_1_256' title='bbox 1318 1996 1471 2037; x_wconf 71' lang='lat' dir='ltr'>alumnos,</span> 
     </span>
     <span class='ocr_line' id='line_1_85' title="bbox 948 2040 1260 2073; baseline 0.013 -4"><span class='ocrx_word' id='word_1_257' title='bbox 948 2040 977 2070; x_wconf 90' lang='lat' dir='ltr'>A</span> <span class='ocrx_word' id='word_1_258' title='bbox 1003 2041 1154 2072; x_wconf 81' lang='lat' dir='ltr'>scelerum</span> <span class='ocrx_word' id='word_1_259' title='bbox 1176 2049 1260 2073; x_wconf 80' lang='lat' dir='ltr'>nexu</span> 
     </span>
     <span class='ocr_line' id='line_1_86' title="bbox 997 2087 1412 2129; baseline 0.007 -12"><span class='ocrx_word' id='word_1_260' title='bbox 997 2087 1143 2119; x_wconf 80' lang='lat' dir='ltr'>elementi</span> <span class='ocrx_word' id='word_1_261' title='bbox 1158 2088 1247 2120; x_wconf 81' lang='lat' dir='ltr'>solve</span> <span class='ocrx_word' id='word_1_262' title='bbox 1270 2093 1412 2129; x_wconf 74' lang='lat' dir='ltr'>precatu,</span> 
     </span>
     <span class='ocr_line' id='line_1_87' title="bbox 949 2132 1248 2173; baseline 0.01 -9"><span class='ocrx_word' id='word_1_263' title='bbox 949 2132 997 2165; x_wconf 84' lang='lat' dir='ltr'>Sit</span> <span class='ocrx_word' id='word_1_264' title='bbox 1020 2143 1079 2173; x_wconf 87' lang='lat' dir='ltr'>per</span> <span class='ocrx_word' id='word_1_265' title='bbox 1102 2136 1134 2166; x_wconf 88' lang='lat' dir='ltr'>te</span> <span class='ocrx_word' id='word_1_266' title='bbox 1158 2134 1248 2167; x_wconf 82' lang='lat' dir='ltr'>uobis</span> 
     </span>
     <span class='ocr_line' id='line_1_88' title="bbox 996 2181 1366 2225; baseline 0.008 -14"><span class='ocrx_word' id='word_1_267' title='bbox 996 2181 1118 2213; x_wconf 78' lang='lat' dir='ltr'>aeterni</span> <span class='ocrx_word' id='word_1_268' title='bbox 1142 2182 1243 2222; x_wconf 81' lang='lat' dir='ltr'>gloria</span> <span class='ocrx_word' id='word_1_269' title='bbox 1267 2183 1366 2225; x_wconf 81' lang='lat' dir='ltr'>regni,</span> 
     </span>
     <span class='ocr_line' id='line_1_89' title="bbox 880 2227 1271 2261; baseline 0.008 -3"><span class='ocrx_word' id='word_1_270' title='bbox 880 2227 917 2258; x_wconf 90' lang='lat' dir='ltr'>V.</span> <span class='ocrx_word' id='word_1_271' title='bbox 949 2227 1069 2259; x_wconf 83' lang='lat' dir='ltr'>Ultima</span> <span class='ocrx_word' id='word_1_272' title='bbox 1093 2236 1161 2260; x_wconf 86' lang='lat' dir='ltr'>eum</span> <span class='ocrx_word' id='word_1_273' title='bbox 1185 2229 1271 2261; x_wconf 84' lang='lat' dir='ltr'>vitae</span> 
     </span>
     <span class='ocr_line' id='line_1_90' title="bbox 998 2276 1480 2316; baseline 0.008 -10"><span class='ocrx_word' id='word_1_274' title='bbox 998 2276 1180 2314; x_wconf 77' lang='lat' dir='ltr'>provenerit</span> <span class='ocrx_word' id='word_1_275' title='bbox 1202 2276 1282 2308; x_wconf 80' lang='lat' dir='ltr'>hora</span> <span class='ocrx_word' id='word_1_276' title='bbox 1305 2284 1480 2316; x_wconf 79' lang='lat' dir='ltr'>supremae.</span> 
     </span>
    </p>
   </div>
  </div>
 </body>
</html>
