1650 2587
691 89 927 125 -67-

170 187 200 218 3.
227 185 375 226 Domine,
403 187 510 217 noster
534 185 696 224 Dominus,

163 1060 198 1090 V.

228 232 373 265 Minuisti
398 232 595 272 paulominus

227 279 411 311 Ferreolum
439 279 478 312 ab
504 279 633 321 angelis,

228 327 326 364 Quem
358 328 462 358 tecum
490 326 592 359 trabis
616 327 649 358 in
674 327 781 359 caelis.

364 391 570 426 Responsoria.

196 463 203 470 .
230 438 426 475 Ferreolum,
451 439 583 471 militem
608 438 761 480 inclitum,

230 485 454 525 Christianum,
494 486 639 526 Crispino
673 486 781 526 prodi-

555 536 631 574 tum,

232 579 363 612 Praesul
386 578 478 619 jubet
500 579 595 611 idolis
620 579 741 612 servire

230 627 297 659 Aut
320 628 353 658 in
379 635 449 659 eum
473 626 610 658 minatur
634 627 766 659 saevire.

188 698 197 704 .
225 672 339 707 Justus
365 682 434 706 ‘non
457 674 675 716 conturbatur,
707 674 785 713 quia

230 721 396 753 Dominus
424 720 537 760 firmat
558 730 677 753 manus
705 720 783 760 ejas,

199 803 206 810 .
231 776 403 809 Ferreolus
430 779 609 809 carceratus

233 824 373 857 Tenetur
397 825 429 857 in
456 824 670 864 compedibus,

230 871 427 914 Vinculatus,
454 874 601 904 oneratus

231 918 324 950 Ferri
348 918 469 959 magnis
494 917 698 957 ponderibus,

232 965 300 998 Nec
324 975 343 997 a
369 965 484 998 divinis
509 965 655 996 laudibus

231 1012 342 1045 Cessat
366 1012 416 1044 vir
439 1011 560 1044 beatus.

229 1059 356 1092 Sciebat
369 1059 463 1101 em'fm,
482 1067 515 1090 se
526 1058 650 1090 socium
656 1056 786 1097 passio-

230 1117 311 1139 ‘num
338 1106 487 1147 futurum
521 1113 585 1136 esse
618 1107 646 1136 et
676 1112 785 1136 conso-

229 1154 399 1186 lationum.

198 1235 205 1242 .
230 1211 346 1243 Somno
372 1210 425 1241 die
448 1208 545 1240 tertia

233 1257 387 1290 Custodes
411 1257 606 1296 premuntur,

231 1305 352 1343 Sponte
373 1306 487 1343 patent
509 1302 601 1343 ostia,

234 1351 368 1384 Vincula
392 1349 566 1389 solvuntur,

231 1397 379 1431 Rhodani
403 1399 492 1429 recta
515 1396 569 1428 via

232 1445 367 1478 Gressus
395 1444 581 1483 diriguntur.

234 1492 296 1533 Qui
313 1492 446 1523 Petrum
469 1490 506 1521 ‘in
524 1488 622 1529 mari,
647 1497 688 1519 m
703 1496 784 1518 mer-

228 1542 364 1580 yet-etur,
391 1537 496 1576 erem-it,
523 1535 710 1568 Ferreolum
728 1543 787 1573 per

230 1585 367 1626 fluvium
391 1593 499 1617 secure
522 1582 690 1616 taozsvexit.

296 1680 340 1712 In
367 1681 398 1712 3.
425 1678 654 1711 Nocturno.

375 1743 570 1780 Antiphonae.

197 1830 204 1837 .
231 1805 266 1837 In
294 1803 430 1835 Domino
456 1800 615 1833 confidens

231 1852 261 1883 A
285 1850 421 1882 Domino
446 1849 625 1889 respicitur,

231 1899 328 1937 Quem
353 1897 440 1929 Deus
462 1897 579 1936 justum
607 1895 728 1933 videns,

230 1945 282 1978 Ab
308 1954 344 1977 eo
369 1945 440 1984 plus
467 1943 621 1984 diligitur.

230 2002 375 2043 Domine,
400 2001 469 2032 sine
492 2000 616 2032 macula

230 2048 416 2081 Ferreolum
441 2046 600 2085 invenisti,

231 2097 330 2136 Quem
354 2097 409 2127 tua
432 2094 639 2126 tabernacula

231 2143 417 2178 Inhabitare
442 2139 557 2172 fecisti.

232 2200 378 2239 Domine,
404 2199 436 2230 in
460 2198 581 2230 virtute

231 2249 300 2281 Tua
324 2246 415 2279 nobis
440 2246 578 2286 praesta,

232 2296 345 2329 Colere
370 2303 439 2325 cum
465 2293 567 2324 salute

231 2342 375 2377 Ferreoli
401 2340 492 2373 festa.

1046 185 1252 221 Responsoria.

853 243 883 276 1.
908 245 987 277 Post
1009 242 1155 276 Rhodani
1177 243 1344 275 transitum

910 291 1036 331 Martyr
1059 290 1092 321 in
1119 299 1218 330 agone

910 337 1033 370 Reddit
1054 337 1123 369 Deo
1148 337 1292 376 spiritum

910 385 1081 417 Percussus
1105 392 1263 424 mucrone,

912 432 1041 464 Obtinet
1062 440 1121 471 per
1144 430 1289 463 meritum

911 479 1087 511 Praemium
1115 486 1255 510 coronae.

872 550 878 557 .
912 525 1041 558 Corona
1053 534 1156 557 aurea
1171 534 1268 566 super
1277 526 1373 563 eaput
1381 522 1460 564 ejus,

912 581 1060 613 expressa
1083 572 1174 613 siyozo
1199 571 1389 604 sanctitatis.

880 656 886 662 .
911 628 1073 661 Effusione
1096 628 1255 667 sanguinis

910 675 1054 708 Ferreoli
1079 674 1244 707 dedicatur

911 723 980 763 Ope
1005 722 1103 754 divini
1125 722 1259 754 numinis

913 771 1027 809 Locus,
1052 769 1087 800 in
1111 778 1172 809 quo
1196 769 1379 812 tumulatur,

913 818 1016 855 Caput
1040 815 1141 848 sancti
1164 816 1284 849 Juliani

913 864 991 896 Cum
1014 863 1123 895 eodem
1150 863 1332 896 collocatur.

877 938 883 944 .
914 910 1075 951 Quomodo
1115 910 1200 942 esaim
1236 910 1273 941 in
1304 909 1371 941 vita
1402 917 1464 940 sua

915 957 1092 989 dilexerunt
1104 966 1146 997 se,
1160 956 1208 988 ita
1223 959 1318 996 ceper
1330 958 1463 988 mortem

912 1013 981 1036 ozon
1003 1006 1079 1036 sum
1102 1003 1258 1048 separati.

880 1085 887 1092 .
913 1060 989 1092 Jesu
1014 1060 1105 1098 bone,
1130 1059 1194 1091 fide
1218 1057 1310 1091 firma

911 1107 1062 1139 Ferreolo
1088 1115 1145 1138 nos
1171 1104 1332 1145 confirma,

913 1155 975 1186 Per
999 1157 1162 1193 precatum
1187 1152 1265 1184 fiant
1290 1152 1391 1191 firma,

914 1201 1000 1240 Quae
1023 1201 1055 1232 in
1081 1200 1170 1232 nobis
1195 1203 1268 1231 sunt
1291 1198 1427 1231 infirma.

876 1272 882 1279 .
913 1249 1057 1280 Praestet
1075 1247 1135 1279 hoc
1151 1247 1242 1278 nobis
1262 1247 1362 1277 deitas
1374 1246 1467 1277 beata

914 1295 1018 1327 Patris
1036 1302 1074 1326 ac
1089 1294 1157 1326 nati
1172 1293 1354 1333 pariterque
1365 1292 1466 1324 sancti

961 1341 1097 1381 Spiritus
1122 1341 1206 1373 almi.

1007 1464 1023 1495 Ι
1032 1473 1052 1495 n
1077 1462 1158 1494 Lau
1166 1462 1186 1494 d
1196 1462 1207 1493 i
1216 1462 1235 1494 b
1246 1471 1266 1493 u
1276 1471 1300 1493 s.

1051 1536 1244 1573 Antiphonae.

879 1620 886 1629 .
912 1595 1092 1635 Ferreolus,
1119 1594 1197 1626 felix
1219 1594 1320 1633 miles,

912 1642 1022 1674 Sciens
1047 1642 1155 1674 mundi
1182 1650 1232 1674 res
1259 1642 1366 1679 exiles,

912 1689 1092 1730 Praeelegit
1115 1688 1312 1729 munditiam,

912 1738 998 1776 Quae
1024 1737 1080 1769 dat
1104 1738 1265 1768 aeternam
1290 1736 1433 1776 gloriam.

880 1819 886 1828 .
912 1794 1057 1826 Ferreoli
1083 1794 1260 1825 constantia

914 1842 977 1874 Per
1000 1841 1128 1881 blanda,
1153 1848 1213 1880 per
1236 1840 1394 1881 supplicia

913 1888 1073 1921 Probatur
1098 1897 1136 1920 ex
1160 1888 1307 1927 passione

914 1937 951 1968 In
979 1935 1096 1968 Christi
1123 1934 1329 1968 confessione.

880 2017 887 2025 .
914 1992 1066 2024 Ferreolo
1091 1991 1304 2032 multiplicant

912 2039 1008 2071 Multi
1033 2039 1182 2071 tormenti
1207 2039 1373 2077 cumulum,

915 2086 978 2118 Sed
989 2086 1117 2128 rumpit,
1131 2086 1284 2127 quidquid
1294 2086 1468 2126 applicant,

915 2135 975 2174 Qui
998 2133 1158 2165 benedicit
1182 2133 1352 2167 saeculum.

885 2217 891 2224 ,
918 2188 1105 2223 Ferreolum
1129 2190 1283 2230 martyrio

917 2239 994 2270 Post
1020 2240 1155 2270 carceris
1182 2238 1341 2278 ergastula

919 2284 1090 2317 Coronavit
1112 2294 1171 2326 pro
1193 2286 1334 2325 praemio

918 2332 1081 2364 Gloriosus
1106 2334 1138 2366 in
1164 2333 1300 2365 saecula.

1257 2386 1299 2413 5*
