1650 2587
719 139 977 175 —161—

383 253 429 280 Ad
448 253 633 282 Benedictus.
1017 237 1034 269 I
1043 246 1064 268 n
1090 236 1122 269 2.
1148 235 1177 267 V
1186 244 1203 267 e
1212 245 1257 293 sp
1271 245 1287 267 e
1296 237 1366 270 1-13.

1068 286 1114 315 Ad
1134 286 1313 323 Mag-nificat.

876 331 916 363 A.
948 331 1021 363 Dux
1046 330 1177 370 insignis
1202 330 1372 363 Mauritius

995 377 1126 410 Transit
1149 377 1191 409 ad
1215 378 1304 417 regni
1330 379 1453 420 solium,

1042 426 1160 465 Magna
1185 427 1294 464 septus
1317 426 1439 468 militia,

947 473 1146 513 Regnaturus
1172 470 1297 503 felicius

994 521 1128 560 Propter
1154 519 1272 551 dietum
1294 519 1486 552 consortium

1041 568 1117 601 Cum
1142 569 1206 598 tam
1230 567 1312 598 mira
1337 567 1480 602 victoria.

191 331 231 364 A.
264 330 382 363 Caesar
408 330 496 363 dirus
522 329 648 363 fervens
672 330 722 361 ira

264 378 362 410 Caedi
384 377 477 417 jubet
501 378 599 409 caede
625 377 696 410 dira

312 425 426 457 Coetus
451 425 681 464 Thebaeorum,

262 472 321 512 Qui
346 481 407 504 non
432 472 550 504 cedunt
573 471 638 504 fide
658 470 744 512 freti,

265 519 329 551 Sed
355 520 396 552 ad
420 520 518 552 letum
544 521 674 553 currunt
697 519 773 552 laeti

309 567 372 599 Pro
398 576 455 606 spe
478 567 700 607 praemiorum.

268 641 353 668 Brev.
380 650 432 669 ms.
453 640 482 668 S.
502 642 634 669 Mauritii
655 641 798 669 Viennen.
818 649 894 668 saec.
918 640 960 669 15.
983 642 1052 669 Cod.
1074 640 1206 677 Chigian.
1227 641 1254 668 D
1280 641 1323 668 IV
1331 639 1375 668 59.
1397 641 1430 668 A.
1464 656 1501 661 —

196 681 278 706 Brev.
298 679 466 707 Viennense
485 680 554 714 imp.
574 678 712 716 Lugduni
734 676 815 706 1489.
836 680 868 707 B.
886 694 924 698 —
942 679 1026 707 Brev.
1047 679 1236 708 Gebennense
1256 680 1325 715 imp.
1346 679 1503 707 Gebennae

195 714 277 743 1479.
293 716 323 743 O.
345 731 382 736 —
395 718 480 745 Brev.
496 717 525 745 S.
539 717 620 744 Petri
632 716 798 745 Gebennen.
812 717 881 752 imp.
897 717 1053 745 Gebennae
1069 714 1150 745 1556.
1164 717 1201 744 D.
1215 732 1254 737 ——
1268 717 1337 744 Cod.
1351 717 1501 754 Agaunen.

194 752 231 781 28
251 762 326 781 saec.
351 753 395 782 17.
415 755 451 782 E.
472 770 509 774 -—
528 755 564 783 In
587 753 611 782 1.
631 754 718 790 Vesp.
746 754 782 781 ad
801 755 900 790 Magn.
922 754 954 788 A,
973 753 989 783 6
1010 755 1081 783 fehlt
1101 755 1139 789 A3
1163 754 1209 782 die
1229 763 1321 791 ganze
1341 753 1363 781 A
1384 755 1457 782 fehlt
1471 755 1500 789 O,

192 793 233 819 ist
250 793 403 828 prosaiseh
423 793 459 820 Ε.
481 807 516 811 —
536 794 625 820 Invit.
646 789 664 818 2
683 793 759 828 Regi
779 795 944 820 sanctorum
959 793 991 820 A.
1014 808 1048 812 —
1068 793 1104 821 111
1126 791 1150 819 1.
1166 793 1249 819 Noct.
1271 791 1294 818 A
1311 791 1335 826 1,
1357 792 1372 820 1
1386 793 1501 830 Aegyp-

191 830 230 856 tis
250 831 285 857 A.
316 845 351 849 —
373 828 396 856 A
413 828 439 864 2,
462 829 476 858 1
498 831 576 859 Zabe
596 831 636 865 A3
657 830 773 857 Zabdae
791 831 872 858 urbis
895 830 924 858 Ο.
950 845 987 849 -
1008 829 1031 857 A
1052 829 1078 864 2,
1099 827 1117 856 2
1136 831 1260 865 insignis
1283 831 1314 858 Ο.
1334 846 1373 851 —
1394 828 1414 856 R
1438 830 1461 865 1,
1483 829 1501 859 3

191 866 238 894 Ex
258 868 350 904 stirpe
369 867 403 895 A.
430 882 467 886 -—
494 866 514 894 R
538 867 561 901 1,
590 867 607 896 5
625 868 738 904 legibus
758 868 832 895 fehlt
850 869 884 896 A.
913 883 951 887 —
977 866 997 894 R
1018 867 1044 902 2,
1078 867 1092 895 1
1113 870 1249 903 percepto
1269 868 1303 896 Β.
1330 883 1367 887 -
1395 866 1415 894 Β
1436 867 1462 901 2,
1483 866 1501 896 3

191 905 310 933 luminis
331 905 404 933 fehlt
423 906 457 933 A.
486 922 522 926 -—
550 904 570 932 Β
593 904 619 939 3,
648 905 667 932 4
686 906 749 933 Rex
769 906 883 933 celestis
903 906 962 934 AB.
991 920 1024 924 —
1057 904 1077 932 Β
1097 902 1123 939 3,
1152 904 1168 931 7
1190 907 1304 942 excepit
1321 906 1362 936 A;
1386 906 1503 933 hierauf

190 942 265 977 folgt
292 944 323 969 in
343 943 369 970 A
395 944 439 971 als
461 941 496 970 V:
523 943 682 979 Sanguinis
702 943 809 970 fluvius
830 944 979 971 civitatem
998 944 1057 971 Dei
1075 942 1221 971 laetificat.
1250 959 1287 960 j
1314 944 1349 971 In
1369 942 1395 970 2.
1415 944 1498 971 Noet.

192 977 213 1006 Β
237 978 261 1014 1,
293 978 308 1007 1
328 981 368 1008 Fr
407 982 493 1009 rabat
511 981 572 1016 ΑΟ,
600 983 631 1008 111
650 981 828 1008 beatissimis
849 982 1026 1016 martyribus
1046 979 1128 1009 ABG.
1158 996 1193 1000 —
1218 978 1239 1006 Β
1262 979 1285 1015 1,
1307 980 1324 1007 7
1344 982 1418 1009 Neei
1438 981 1500 1009 cele

189 1017 224 1044 A.
245 1033 283 1037 —
305 1016 325 1044 Β
347 1016 372 1052 3,
433 1020 538 1046 enituit
550 1019 584 1045 A.
605 1033 643 1037 —
664 1015 685 1043 Β
700 1015 727 1051 3,
747 1016 764 1045 5
785 1019 870 1046 rubet
890 1020 983 1046 celum
995 1019 1079 1047 ABG.
1159 1016 1179 1044 Β
1194 1015 1220 1051 3,
1243 1016 1260 1045 6
1280 1019 1365 1046 rubet
1383 1019 1498 1046 eoelum

190 1054 263 1083 fehlt
274 1055 308 1083 A.
331 1070 367 1074 --
387 1056 424 1083 111
443 1053 469 1083 3.
483 1056 567 1083 Noet.
583 1054 605 1082 A
621 1054 647 1089 2,
669 1053 686 1081 2
700 1056 742 1084 Ut
760 1056 844 1083 chors
864 1053 932 1092 [sie]
955 1059 1018 1083 tnta
1038 1059 1091 1084 ete.
1107 1056 1141 1083 A.
1158 1071 1199 1075 —
1219 1054 1242 1082 A
1257 1054 1283 1090 2,
1303 1054 1378 1084 4Ut
1396 1059 1501 1092 parent

188 1093 222 1120 A.
238 1108 275 1112 —
297 1091 317 1119 Β
341 1091 354 1120 1
376 1093 451 1121 fehlt
462 1094 497 1121 A.
515 1109 553 1113 —-
577 1091 597 1120 Β
613 1092 631 1120 2
650 1093 735 1121 Felix
748 1093 829 1120 loeus
844 1095 1029 1129 Agaunensis
1047 1097 1099 1121 ete.
1113 1094 1148 1121 A.
1163 1108 1200 1112 —
1220 1091 1240 1119 Β
1255 1092 1273 1122 3
1292 1093 1416 1121 Coelesti
1433 1092 1501 1131 [sie]

192 1131 377 1166 congaudent
402 1133 485 1159 ouria
509 1133 562 1159 ete.
582 1131 617 1158 A.
643 1146 682 1150 —
705 1131 741 1158 In
760 1131 854 1158 Laud.
881 1130 903 1157 A
927 1130 951 1165 1,
971 1130 991 1159 4
1010 1133 1126 1159 resonet
1145 1132 1178 1158 Β.
1206 1146 1245 1151 ——-
1272 1129 1294 1157 A
1315 1129 1341 1165 3,
1364 1130 1379 1159 1
1399 1133 1501 1159 Victor

190 1170 308 1196 sanetus
327 1169 362 1196 A.
388 1184 426 1187 —
453 1168 475 1195 A
503 1167 529 1202 3,
557 1167 575 1195 2
595 1168 668 1196 fehlt
687 1168 721 1195 A.
747 1183 784 1187 —
812 1166 832 1194 Β
862 1167 890 1202 4,
919 1167 933 1196 1
954 1178 1017 1206 sqq.
1038 1169 1133 1197 Sonus
1152 1170 1230 1197 votis
1250 1168 1372 1197 infinitis
1392 1171 1500 1197 mortui

192 1208 351 1241 martyrum
377 1208 504 1242 imponit
528 1207 639 1234 luctum
659 1205 693 1233 A.
720 1221 756 1225 —
784 1205 806 1233 A
828 1205 853 1240 5,
882 1205 900 1233 2
925 1209 955 1235 et
973 1208 1103 1235 moribus
1123 1207 1156 1234 A.
1185 1222 1212 1225 -
1249 1208 1284 1235 111
1303 1205 1330 1235 2.
1350 1208 1438 1243 Vesp.
1463 1208 1500 1235 ad

188 1244 288 1280 Magn.
310 1242 341 1278 A,
362 1243 380 1272 5
402 1245 525 1280 Propter
544 1245 663 1272 ductum
681 1244 716 1271 A.

623 1418 662 1451 61.
702 1419 746 1450 De
765 1420 872 1451 sancto
892 1419 1068 1451 Maximino.

323 1528 368 1559 In
397 1529 426 1562 1.
452 1528 670 1567 Vesperis.

380 1612 426 1639 Ad
446 1612 624 1648 Magnificat.

186 1689 225 1721 A.
256 1689 375 1721 Insiste
398 1689 557 1729 laudibus,

303 1736 463 1776 Aquensis
490 1737 612 1776 civitas,

256 1783 359 1815 Deum
384 1783 589 1824 magnificans

303 1831 449 1871 primatis
473 1832 587 1872 gratia,

253 1879 318 1911 Per
343 1888 435 1919 quem
460 1878 531 1911 fons
556 1878 632 1912 fidei

301 1926 454 1966 verbique
477 1926 596 1959 veritas

255 1973 349 2006 Prius
373 1973 512 2005 innotuit

306 2020 376 2061 tibi,
402 2020 582 2055 Provincia.

257 2068 289 2100 Is
317 2067 422 2099 earnis
448 2068 543 2101 hodie

303 2115 424 2147 solutus
451 2113 551 2146 fascia

256 2161 464 2195 Transfertur
488 2162 589 2193 libere

303 2219 363 2250 per
388 2209 473 2242 vitae
497 2209 635 2250 semitas,

256 2257 322 2291 Ubi
347 2256 545 2297 promittitur

303 2305 422 2337 sanetis
448 2304 640 2344 haereditas,

256 2353 376 2393 Quibus
400 2352 434 2383 in
459 2351 604 2383 omnibus

301 2400 389 2433 Deus
416 2401 464 2431 est
488 2399 602 2431 omnia.

239 2461 260 2483 D
266 2466 317 2483 rev
324 2466 367 2487 es,
386 2458 509 2482 Historiae
522 2457 679 2486 rhythmicae.
701 2455 747 2479 m.

1006 1529 1067 1561 Ad
1092 1527 1363 1563 Matutinum.

1078 1603 1294 1631 Invitatorium.

944 1661 1159 1694 Gonsonantes
1184 1670 1261 1693 voce
1285 1662 1358 1693 meli

944 1708 1122 1742 Jubilemus
1146 1708 1216 1740 Deo
1242 1709 1332 1749 caeli,

942 1756 1002 1795 Qui
1026 1755 1203 1788 transvexit
1226 1756 1437 1788 Maximinum

941 1804 995 1836 Ad
1019 1803 1163 1836 coelestis
1187 1803 1279 1835 aulae
1303 1804 1416 1836 sinum.

1004 1918 1050 1949 In
1078 1918 1109 1951 1.
1135 1916 1364 1950 Nocturno.

1086 1991 1279 2027 Antiphonae.

908 2084 915 2091 .
941 2060 1019 2091 Post
1047 2066 1211 2090 ascensum
1237 2059 1357 2091 Christi
1382 2061 1464 2101 regis

941 2107 1045 2138 Datur
1069 2106 1191 2144 signum
1215 2115 1316 2138 novae
1341 2107 1429 2150 legis,

940 2153 1024 2186 Dum
1048 2162 1108 2193 per
1132 2153 1217 2183 saeri
1241 2153 1367 2195 linguas
1390 2155 1471 2195 ignis

941 2201 1038 2232 Sacer
1064 2201 1177 2232 chorus
1202 2199 1240 2231 fit
1263 2201 1406 2241 insignis

907 2283 913 2288 .
940 2257 1011 2289 Hoc
1037 2258 1111 2290 dum
1136 2255 1258 2296 fragrat
1281 2258 1354 2298 igne
1378 2263 1495 2300 coetus,

942 2305 1031 2336 Perit
1053 2304 1154 2337 omnis
1180 2305 1291 2337 mortis
1315 2310 1417 2339 metus

939 2352 984 2385 Et
1007 2351 1137 2384 Judaeis
1163 2352 1312 2392 expedite

940 2400 1179 2432 Praeconantur
1203 2400 1301 2433 verba
1325 2401 1418 2434 vitae.

1293 2454 1327 2483 11
