1650 2587
709 163 751 168 —
800 142 963 178 243—

632 234 678 265 92.
717 235 760 265 De
780 235 887 267 sancto
908 236 1053 275 Syreneo.

323 302 340 333 I
357 302 436 335 nl.
462 302 678 343 vesperis,

375 365 468 402 Super
490 367 633 396 Psalmos.

190 422 230 455 A.
263 422 386 464 Gaude,
414 423 499 464 Sion,

311 472 422 502 ornata
446 471 572 512 lumine,

262 517 361 555 Quam
388 517 517 549 decorat

309 565 461 596 virtutum
487 566 621 598 culmine

262 610 431 651 Syreneus,

309 659 362 698 qui
387 656 457 691 fuso
482 661 633 700 sanguine

262 705 486 746 Triumphavit

309 761 367 792 pro
393 751 512 784 Christi
536 752 670 786 nomine.

380 835 426 863 Ad
445 836 624 872 Mag-nificat.

191 894 232 925 A.
263 893 288 926 O
314 894 436 933 lampas
462 894 624 934 ecclesiae,

309 940 441 972 Gemma
463 941 623 980 puritatis,

261 986 429 1026 Speculum
454 987 636 1026 munditiae,

311 1034 400 1066 Cella
423 1034 613 1075 sanctitatis,

259 1080 361 1112 Linea
380 1080 533 1122 Justitiae,

306 1127 481 1166 Exemplar
505 1127 641 1168 virtutis,

258 1174 409 1206 Adstanti
434 1173 574 1206 familiae

305 1221 370 1253 Fer
395 1229 485 1260 opem
512 1222 632 1254 salutis

324 1334 386 1366 Ad
411 1333 677 1365 Matutinum.

397 1408 613 1436 Invitatorium.

259 1467 436 1500 Jubilemus
462 1468 535 1498 voto
559 1465 631 1506 pari

261 1514 397 1555 Christo,
421 1522 497 1545 vero
521 1513 662 1555 salutari,

260 1561 322 1593 Per
346 1568 437 1601 quem
462 1561 580 1600 gaudet
601 1560 762 1592 sublimari

307 1608 463 1650 Syreneus
488 1607 592 1639 hodie.

312 1722 359 1754 In
385 1721 415 1754 1.
443 1720 671 1752 Nocturno.

400 1795 595 1831 Antiphonae.

202 1855 230 1888 1.
257 1854 384 1894 Beatus,
411 1853 465 1893 qui
488 1862 552 1885 non
577 1852 655 1885 abiit

303 1900 338 1932 in
361 1900 515 1932 malorum
542 1899 672 1932 consilio

257 1948 326 1980 Nec
350 1947 536 1980 cathedram
561 1947 674 1987 apetiit

305 1995 405 2035 pestis
434 1992 584 2027 infectam
609 1994 697 2027 vitio.

200 2055 230 2086 2.
258 2052 362 2091 Quare
387 2050 583 2084 fremuerunt
604 2051 725 2091 populi,

302 2109 379 2140 quos
404 2098 578 2131 subsannat
601 2098 699 2140 Deus,

257 2148 393 2188 Quorum
419 2146 539 2186 rumpit
562 2146 690 2179 vincula

303 2197 427 2235 martyr
450 2193 618 2233 Syreneus-

196 2255 227 2287 3.
253 2252 400 2291 Domine,
426 2250 480 2290 qui
503 2250 652 2290 martyris

301 2298 478 2331 mercedem
504 2297 725 2340 multiplicas„

254 2348 322 2381 Fac
345 2355 403 2380 nos
429 2346 549 2377 coelum
575 2346 737 2389 scandere,

300 2394 480 2428 mansiones
506 2393 650 2427 coelicas.

881 362 913 396 1.

1075 305 1280 340 Responsoria.

938 362 1048 395 Novae
1071 363 1183 394 stellae
1207 362 1332 395 radium

988 410 1091 441 oriens
1117 409 1234 452 eduxit,

940 456 1038 494 Quam
1062 465 1158 496 super
1183 456 1407 489 candelabrum

990 503 1132 535 Christus
1153 503 1219 542 ⁸iam
1243 503 1394 543 produxit

939 549 983 581 Et
1007 549 1130 582 sublato
1155 550 1260 582 modio

990 596 1119 628 coelitus
1144 597 1258 637 illuxit,

939 643 992 675 Ad
1016 644 1153 683 palmam
1176 643 1327 675 victoriae

941 689 1082 722 Christus
1106 699 1196 722 suum
1220 690 1315 722 hodie

987 736 1123 768 Militem
1148 737 1308 776 produxit.

907 816 914 823 .
942 792 1059 825 Christi
1083 792 1197 825 fornax
1221 793 1317 825 corda
1334 794 1490 826 mundans

989 843 1020 871 et
1046 847 1222 880 expurgans
1245 840 1322 872 vitia

942 886 1075 926 Syrenei
1099 895 1153 918 cor
1175 887 1324 927 purgavit

988 943 1007 965 a
1030 933 1139 964 mundi
1163 933 1317 973 spurcitia

939 980 982 1011 Et
1006 982 1174 1019 purgatum
1199 981 1395 1013 consecravit

986 1025 1138 1058 influente
1161 1028 1272 1067 gratia.

940 1072 1058 1105 Christi
1082 1076 1170 1104 veste
1193 1074 1311 1114 tegitur

986 1119 1144 1152 accinctus
1168 1120 1311 1159 potentia

939 1167 984 1199 Et
1006 1166 1117 1198 relicto
1141 1167 1239 1206 pallio

987 1212 1068 1254 fugit
1090 1213 1129 1245 ab
1153 1214 1323 1254 Aegyptia.

906 1294 912 1302 .
940 1270 1050 1303 Cultor
1073 1270 1142 1309 agri
1169 1270 1294 1302 Domini

986 1318 1097 1357 vulpes
1122 1317 1303 1356 expellebat

940 1364 1008 1395 Nec
1032 1365 1065 1396 in
1090 1363 1208 1396 Christi
1232 1365 1356 1396 vineam

985 1410 1122 1443 transire
1146 1411 1279 1449 sinebat,

939 1457 1023 1496 Quos
1046 1458 1145 1497 pestis
1169 1458 1331 1489 haeretica

986 1505 1117 1536 miseros
1142 1505 1279 1547 tenebat,

935 1552 1073 1591 Ignitum
1098 1552 1254 1591 eloquium

936 1599 981 1630 Et
1003 1598 1080 1631 fidei
1104 1598 1243 1638 gladium

986 1646 1118 1678 Sanctus
1145 1646 1307 1678 evehebat.

1000 1741 1046 1773 In
1073 1741 1105 1773 2.
1131 1739 1359 1773 NocturnO.

1080 1799 1274 1836 Antiphonae·

903 1879 910 1887 .
939 1853 1016 1886 Cum
1041 1852 1178 1893 invocat,
1204 1852 1373 1885 exauditur

984 1909 1043 1940 per
1065 1902 1107 1940 te,
1133 1899 1209 1932 Jesu
1232 1901 1325 1942 bone,

937 1947 1074 1989 Martyr,
1101 1947 1154 1987 qui
1176 1950 1209 1979 te
1232 1957 1295 1980 non
1319 1948 1447 1987 negavit

985 1994 1096 2026 mortis
1120 1994 1154 2025 in
1178 2002 1288 2034 agone.

904 2078 910 2084 .
939 2051 1043 2083 Verba
1067 2050 1169 2082 sancti
1193 2051 1331 2091 percipit

987 2097 1128 2130 Christus
1155 2103 1187 2129 et
1211 2097 1351 2138 exaudit,

940 2146 999 2184 Qui
1021 2146 1108 2185 Justa
1131 2145 1312 2184 petentibus

986 2200 1078 2224 aures
1103 2202 1261 2232 nunquam
1288 2193 1417 2226 claudit.

937 2250 1081 2291 Domine,
1107 2250 1251 2289 Domine,

986 2301 1020 2329 tu
1044 2296 1222 2329 mirabilem

938 2344 1059 2377 Fecisti
1082 2344 1179 2376 hodie

985 2400 1118 2432 parvum
1144 2394 1176 2423 et
1200 2390 1359 2426 humilem,

1260 2445 1319 2477 16*
