1650 2587
222 189 255 220 4.
277 189 451 222 Benedicat

330 236 435 268 Maria
458 236 602 276 angelum

284 282 462 314 Gabrielem

329 332 361 361 et
384 330 493 361 laudet
515 330 696 373 Dominum,

280 376 478 408 Benedicant

326 424 468 456 homines
494 425 658 465 virginem,

281 470 319 502 In
344 480 406 510 qua
429 471 516 503 Deus

327 526 361 549 se
386 517 463 550 fecit
486 519 653 552 hominem.

222 575 252 606 5.
280 573 460 607 Laudamus
485 578 527 616 te,

327 622 422 654 beata
445 623 582 664 trinitas,

281 670 367 707 Quae
394 670 433 701 de
458 670 554 701 coelis

328 717 473 757 angelum
498 717 613 748 misisti

280 763 333 794 Ad
359 764 523 804 virginem,

326 819 418 850 quam
442 820 703 854 praeparaveras,

278 857 458 889 Laudamus
483 861 525 898 te,

326 905 410 944 quod
435 914 491 936 nos
512 905 684 937 redemisti.

398 969 444 996 Ad
463 970 646 997 Benedictus.

205 1018 245 1048 A.
275 1017 467 1048 Benedictus
492 1018 646 1049 adventus

324 1063 433 1095 Sancti
458 1064 629 1104 Gabrielis,

275 1110 466 1142 Benedictus
491 1112 627 1151 populus

323 1157 407 1190 Novi
431 1159 571 1198 Israelis,

276 1205 451 1237 Benedicta
476 1206 582 1245 baJula

322 1251 372 1282 Sit.
395 1252 588 1293 Emanuelis‚

277 1298 329 1330 Ad
355 1308 446 1338 quam
472 1302 599 1330 sanctus
623 1300 736 1331 missus
762 1302 810 1331 est

325 1345 455 1377 Gabriel
480 1347 520 1378 de
545 1347 649 1377 caelis.

347 1430 450 1462 1112.
479 1430 503 1461 V
516 1431 692 1470 esperis.

420 1495 615 1530 Antiphonae.

217 1551 248 1583 1.
275 1550 407 1583 Gabriel
433 1552 625 1592 principium

321 1599 439 1630 rsecum
464 1597 526 1630 fuit
549 1600 636 1640 hora,

272 1645 339 1685 Qua
363 1645 524 1677 Nazareth
549 1655 680 1679 veneras

321 1693 476 1725 Nuntiare
500 1703 592 1727 nova.

852 93 991 133 77—

903 197 932 228 2.
961 194 1118 228 Gabrielis
1143 196 1294 227 memoria

1006 244 1057 275 Ab
1081 242 1145 275 illis
1168 242 1373 283 benedicitur,

1008 291 1038 322 A
1063 289 1174 330 quibus
1200 289 1295 330 digne
1319 291 1432 323 colitur

962 338 1084 369 Nomen
1108 336 1238 377 virginis
1262 338 1378 372 Maria.

905 395 935 427 3.
963 393 1104 426 Gabrieli
1130 394 1335 426 committitur

1007 441 1144 473 Nostrae
1160 441 1248 480 pacis
1261 443 1512 483 tractamentum‚

1008 488 1170 528 Angulare
1194 487 1441 529 fundamentum,

960 535 1079 567 Domus
1104 534 1163 566 Dei
1190 544 1258 566 cum
1281 536 1407 575 Jacitur.

904 593 935 625 4.
963 591 1143 624 Gabrielem
1171 591 1364 633 confitemur,

1008 639 1140 670 Venisse
1165 639 1378 671 desideratum

1006 687 1140 726 Propter
1156 686 1286 717 verbum
1302 687 1508 730 incarnatum,

958 733 1065 765 Hodie
1090 734 1349 772 congratulemur.

902 790 932 820 5.
961 790 1109 822 Gabriele
1133 790 1298 821 nuntiante

1008 837 1118 868 Pacem
1145 836 1283 868 salvator
1308 838 1416 876 populi

1006 883 1166 917 conclusit
1190 883 1287 915 verbo
1313 885 1415 924 angeli

959 931 1139 963 Sermonem
1165 929 1368 962 confirmante

1004 978 1111 1010 Matre
1136 977 1241 1008 Maria
1263 977 1390 1009 Domini

959 1024 1080 1064 Spiritu
1106 1022 1314 1057 confortante.

1075 1116 1121 1145 Ad
1140 1116 1319 1152 Magnificat.

886 1174 925 1207 A.
955 1175 1104 1206 Exsultet
1129 1175 1246 1206 coelum
1273 1175 1430 1216 laudibus,

958 1221 1038 1252 Nam
1065 1222 1159 1253 datur
1183 1231 1246 1261 pax
1269 1222 1446 1253 hominibus

1000 1268 1044 1300 Et
1068 1269 1204 1309 gaudeat
1227 1273 1314 1300 terra
1337 1272 1455 1307 nostra,

957 1315 1043 1353 Quae
1068 1315 1247 1348 Gabrielem
1273 1316 1496 1356 archangelum

1003 1362 1149 1401 Suscepit
1173 1363 1275 1402 gratia
1300 1363 1406 1395 multa.

957 1409 981 1441 O
1008 1419 1100 1449 quam
1126 1418 1271 1449 magnum
1295 1410 1489 1452 mysterium,

957 1456 1116 1496 Virginem
1143 1456 1226 1487 ferre
1250 1455 1360 1496 filium,

1002 1504 1061 1543 Qui
1086 1503 1235 1544 populum
1261 1503 1405 1543 salvabit,

954 1550 979 1582 Ο
1005 1554 1156 1590 quantum
1180 1549 1376 1591 beneficium,

956 1597 981 1629 O
1008 1598 1148 1631 divinum
1174 1598 1347 1639 consilium,

955 1644 980 1677 Ο
1006 1645 1196 1685 stupendum
1222 1645 1451 1685 commercium,

1001 1692 1076 1731 Quis
1100 1691 1182 1723 illud
1206 1691 1386 1724 enarrabit?

278 1768 361 1795 Brev.
394 1776 447 1796 ms.
473 1768 666 1803 Piperacense
695 1770 766 1796 anni
798 1766 878 1796 1440.
910 1767 979 1796 Cod.
1007 1768 1102 1803 Capit.
1127 1767 1260 1794 Anicien.
1292 1775 1314 1794 s.
1344 1777 1372 1794 n.
1404 1783 1428 1786 —
1474 1769 1509 1795 In

203 1804 226 1833 1.
241 1805 324 1832 Noct.
347 1804 368 1831 Α
391 1803 415 1839 1,
436 1805 453 1832 7
474 1805 519 1833 Ad
531 1815 640 1834 novum
653 1808 786 1843 virginis.
798 1822 837 1826 —
852 1807 888 1834 In
907 1804 933 1833 2.
948 1807 1031 1834 Noct.
1053 1805 1075 1832 Α
1097 1803 1122 1839 1,
1143 1804 1160 1833 7
1180 1805 1271 1842 Virgo
1286 1806 1456 1841 concipitur.
1471 1820 1488 1824 —
1506 1820 1508 1824 ·

201 1842 224 1869 Α
245 1841 271 1876 2,
297 1842 316 1870 4
336 1846 447 1879 potens.
474 1858 512 1862 —
542 1843 562 1871 R
586 1843 609 1878 1,
631 1843 648 1872 9
672 1845 752 1872 Deus
772 1847 876 1880 potest.
897 1860 936 1865 —-
964 1842 984 1871 R
1006 1842 1031 1879 3,
1056 1842 1069 1871 1
1091 1842 1168 1871 Eece
1187 1845 1270 1879 virgo
1293 1845 1449 1879 concipies.

199 1881 234 1908 In
254 1879 280 1908 3.
301 1882 385 1909 Noct.
408 1879 428 1907 R
450 1882 476 1916 3,
499 1879 517 1910 3
537 1884 618 1910 misit
636 1891 759 1919 magnus
779 1883 909 1911 Domini.

636 2013 681 2044 26.
720 2013 764 2044 De
783 2013 893 2044 sancta
915 2012 1079 2044 Genovefa.

334 2092 379 2124 In
409 2093 438 2125 1.
465 2091 681 2131 Vesperis.

374 2195 381 2200 Ι
413 2157 608 2193 Antiphonae.

216 2208 246 2240 1.
275 2205 401 2238 Gaudia
426 2204 561 2238 festivae

316 2255 527 2293 praecurrunt
550 2262 606 2285 ora
632 2253 694 2285 diei

269 2301 479 2334 Christicolae
503 2300 606 2340 plebis

317 2348 481 2380 celebrant
497 2357 558 2388 qna
574 2348 659 2380 laeta
671 2348 823 2390 puellam,

954 2093 1138 2133 Virgineum
1165 2091 1260 2122 decus
1284 2092 1325 2123 ad

998 2140 1124 2172 laudem
1149 2138 1277 2170 Domini
1302 2138 1506 2173 Genovefam.

896 2208 927 2239 2.
954 2206 1075 2245 Quanto
1100 2207 1132 2236 te
1154 2204 1255 2244 jubilo

1001 2252 1152 2292 referant,
1179 2252 1321 2292 piissima
1346 2253 1444 2294 virgo,

954 2300 1171 2339 Christicolae,
1197 2309 1312 2340 sponso

1003 2347 1131 2380 coelesti
1158 2356 1238 2387 quae
1262 2348 1420 2395 placuisti(
