1651 2588
739 123 992 158 -196-

287 221 508 253 Perduxerunt
527 219 616 258 fides,
642 228 714 259 spes
731 220 762 249 et
780 227 832 250 ca-

608 266 697 305 ritas,

288 313 370 351 Quas
382 316 417 344 ut
429 313 519 345 nobis
533 315 626 352 atque
638 321 692 344 suo
703 311 831 350 populo,

285 360 493 400 Postulamus‚
501 359 652 399 impetret
663 358 831 391 aDomino.

350 453 379 484 A
392 452 411 483 d
435 452 699 484 Matutinum.

416 511 631 538 Invitatorium.

286 563 503 595 Collaudemus
529 562 721 594 conditorem

330 610 535 647 saeculorum,

285 657 381 695 Quem
408 655 568 687 collaudat
590 654 758 686 multitudo

333 701 554 735 confessorum.

342 797 393 828 In
419 798 451 829 1.
477 796 704 829 Nooturno.

427 860 621 896 Antiphonae.

252 944 259 950 .
284 917 418 950 Sanctus
443 918 559 950 Paulus
586 920 788 956 cognomento

329 964 520 996 Aurelianus

284 1011 419 1052 Dignam
443 1011 511 1042 Deo
537 1010 658 1042 studuit

334 1059 448 1089 ducere
472 1057 577 1090 vitam.

252 1138 260 1146 .
285 1113 349 1144 Hic
374 1112 560 1152 disciplinae
583 1113 718 1144 traditus

335 1159 452 1191 Christi
477 1158 603 1190 favente
626 1159 728 1198 gratia

287 1206 340 1237 Sic
363 1205 435 1246 egit,
461 1208 496 1236 ut
520 1205 696 1238 doctoribus

335 1254 397 1285 Par
422 1254 504 1283 esset
527 1253 561 1283 in
585 1252 725 1283 scientia.

252 1334 260 1340 .
286 1307 354 1340 Nec
377 1317 474 1345 mora,
500 1307 642 1339 mirificis

335 1355 439 1393 coepit
464 1355 637 1385 clarescere
661 1354 757 1394 signis

285 1401 329 1433 Et
351 1401 472 1432 meritis
497 1401 637 1432 celebres

333 1449 540 1487 aequiparare
564 1455 664 1480 senes.

422 1522 626 1556 Responsoria.

257 1604 265 1612 .
290 1578 421 1610 Inclitus
429 1578 547 1611 Christi
555 1576 714 1609 confessor
719 1577 835 1609 Paulus

288 1625 326 1657 In
352 1627 478 1656 tenerae
494 1624 646 1656 infant-iae
671 1624 780 1655 diebus

287 1670 423 1710 Spiritus
448 1671 550 1702 sancti
573 1672 675 1710 gratia
700 1673 746 1702 est
762 1680 832 1710 per-

606 1715 705 1758 fusus,

247 1787 254 1793 .
287 1763 381 1802 Cujus
415 1771 505 1795 sacra
531 1763 677 1794 unctione
702 1764 829 1796 edocens

287 1810 354 1842 Deo
379 1810 527 1848 placebat
549 1812 581 1841 et
604 1810 790 1844 hominibus,

254 1894 260 1899 .
285 1867 439 1905 Progenie
462 1865 595 1898 fratrum

332 1913 418 1944 Deus
434 1913 517 1944 hunc
533 1913 606 1944 tulit
623 1921 660 1945 ex
674 1923 833 1954 generosa,

288 1960 332 1993 Ut
355 1959 416 1991 sibi
440 1960 630 1999 mancipium

332 2006 543 2038 sanctificaret
567 2015 646 2046 eum,

250 2081 257 2088 .
286 2054 471 2086 Lactantem
494 2063 627 2093 puerum

331 2101 431 2132 virtus
458 2100 565 2135 divina
589 2101 733 2141 replevit.

252 2183 259 2189 .
285 2158 400 2189 Aetate
423 2157 526 2197 prima

331 2204 404 2235 dum
428 2204 570 2236 studeret
593 2204 694 2236 literis

284 2251 373 2284 Inter
396 2251 520 2283 sodales

333 2298 446 2329 claruit
465 2298 635 2341 miraculis,

285 2345 339 2385 Ut,
366 2345 448 2384 quod
469 2347 609 2385 vocatur,

332 2395 412 2423 essct
436 2392 642 2434 admirabilis,

892 1578 930 1609 V.

907 1728 938 1758 2.

892 1913 930 1945 V.

904 2018 935 2050 3.

891 2345 929 2378 V.

889 217 927 249 V.
957 216 1010 249 Sic
1034 215 1201 248 factitabat

1007 263 1124 295 Paulus
1149 272 1168 294 a
1193 261 1367 294 cunabulis.

1021 375 1066 406 ln
1092 377 1123 407 2.
1145 374 1377 406 Nocturno.

1052 456 1066 467 .
1102 437 1296 473 Antiphonae.

960 496 1056 527 Sexto
1077 497 1149 534 post
1174 494 1329 526 decimum

1006 542 1123 574 Paulus
1145 541 1180 572 in
1204 550 1285 573 anno

958 588 1102 620 Desertis
1127 587 1220 619 sociis

1008 638 1102 674 atque
1126 636 1275 674 magistro

964 682 1133 714 Desertum
1157 682 1251 721 petiit

1008 738 1071 761 non
1092 729 1177 769 pede
1200 730 1295 760 lento.

961 785 1025 819 Ubi
1049 785 1141 824 panis

960 832 1002 865 Ei
1022 832 1110 864 cibus

960 879 1005 911 Et
1028 879 1085 917 sal,
1111 887 1192 918 aqua

961 926 1058 958 Potus
1083 930 1152 957 erat

959 972 1134 1005 Trutiuata.

927 1053 935 1060 .
960 1027 1072 1060 Cetera
1097 1029 1209 1059 cuncta
1233 1026 1344 1066 quibus

1008 1074 1080 1114 gula
1104 1074 1206 1105 suevit
1229 1074 1262 1105 in
1288 1074 1493 1113 accipiendis.

960 1120 1095 1160 Respuit
1111 1123 1143 1152 et
1157 1130 1236 1160 puer
1249 1123 1281 1151 et
1294 1121 1380 1152 senio
1394 1122 1510 1160 gravis,

1096 1195 1301 1229 Responsoria.

927 1276 935 1284 .
960 1251 1108 1283 Doctoris
1140 1252 1260 1283 monitu
1292 1252 1364 1283 dum
1390 1255 1512 1291 segetes

1282 1307 1363 1336 puer

962 1344 1158 1382 Custodiret,
1212 1353 1285 1376 aves
1333 1346 1514 1384 perdomuit

1284 1394 1399 1434 truces,

961 1439 1041 1478 Quas
1078 1446 1190 1477 cogens
1224 1439 1323 1470 veluti
1354 1439 1511 1479 lanigeros

1283 1494 1393 1525 greges

1008 1531 1145 1564 Claustri
1168 1533 1332 1571 supposuit
1356 1534 1446 1567 seris.

960 1575 1046 1609 Fusa
1059 1586 1127 1609 cum
1140 1578 1279 1610 lacrimis
1292 1580 1334 1611 ud
1342 1579 1512 1611 'Dominum

1283 1634 1378 1664 prece

1010 1671 1097 1703 Vicit
1122 1671 1314 1704 damniferas
1339 1681 1424 1712 apes.

960 1727 1061 1759 Fama
1070 1728 1178 1759 volans
1189 1729 1249 1759 cito
1256 1729 1394 1761 claustra
1399 1731 1512 1770 replet,

960 1772 1080 1806 Doctor
1098 1775 1189 1806 adest
1204 1784 1286 1807 nova
1297 1775 1382 1808 facta-
1394 1780 1511 1817 stupet,

960 1819 1087 1852 Laudat
1094 1822 1200 1854 Deum
1211 1831 1405 1863 puerumque
1415 1823 1512 1864 fovet,

961 1867 1162 1908 Alitibusque
1186 1870 1312 1909 aperire
1333 1870 1433 1912 jubet.

957 1913 1115 1954 Discipuli
1140 1917 1265 1948 tandem
1292 1918 1333 1949 ad
1357 1918 1511 1957 placitum

960 1962 1077 1993 Nobile
1107 1966 1261 2003 temperat
1286 1964 1463 2004 imperium.

961 2018 1131 2057 Postquam
1152 2020 1268 2052 Paulus
1294 2024 1358 2053 tam
1383 2026 1511 2062 stupen-

1284 2069 1358 2102 dum

1009 2113 1153 2145 Patravit
1176 2114 1372 2159 miraculum,

962 2159 1113 2192 Devitare
1139 2162 1234 2193 corde
1259 2163 1367 2195 volens

1005 2216 1101 2239 vanas
1125 2208 1235 2241 laudes
1260 2209 1431 2251 hominum,

961 2253 1077 2286 Tribus
1098 2256 1207 2288 lustris
1228 2257 1411 2297 adimpletis

1007 2304 1188 2339 penetravit
1212 2312 1359 2344 eremum,

959 2347 1189 2389 Derelinquens
1215 2352 1435 2384 conscholares

1007 2395 1100 2429 simul
1125 2400 1155 2427 et
1182 2397 1388 2434 didasculum.
