1651 2588
393 181 438 208 Ad
455 180 631 216 Magnificat.

203 228 241 260 A.
271 228 385 259 Pastor
408 228 492 268 Doli,

318 274 440 305 latebra
464 283 648 316 pauperum,

269 320 394 358 Expers
420 320 493 360 doli,

316 371 424 398 nectar
448 367 624 405 mirificum,

272 413 297 445 Ο
323 411 454 452 signifer

315 459 346 489 in
373 459 445 492 aula
469 467 625 497 superum.

264 505 307 536 Et
331 505 444 536 lucifer

312 555 400 583 coetu
427 550 606 591 pontificum

266 598 367 629 Deum
392 607 455 639 ora,

312 646 348 675 ut
371 653 490 676 memor
514 645 659 677 miserum

264 691 362 723 Adsit
385 692 462 723 hora

311 739 420 770 mortis
445 738 603 779 viat-icum,

358 784 504 819 Turiane.

328 860 386 891 Ad
410 860 678 892 Matutinuln.

396 921 609 947 Invitatorium.

264 972 441 1004 Adorcmus
468 975 637 1004 creatorem

310 1019 508 1058 septiformis
533 1019 663 1061 gratiae,

262 1064 320 1103 Qui
346 1068 474 1097 coronat
499 1064 707 1097 confessorem

306 1110 476 1143 Turianum
502 1112 603 1143 hodie.

322 1185 366 1216 ln
395 1188 424 1219 1.
452 1186 679 1220 Nocturno.

406 1247 597 1281 Antiphonae.

204 1298 234 1329 1.
258 1297 314 1329 Vir
337 1297 446 1330 beatus
471 1299 638 1331 meditatus

309 1345 427 1378 Cuncta
451 1344 528 1377 facit
550 1355 711 1389 prospere,

262 1389 461 1431 Sublimatus,
489 1398 652 1425 coronatus

308 1437 394 1469 Vivit
418 1447 512 1478 super
536 1440 642 1471 sidera

352 1484 515 1518 Tur—ianus.

203 1541 233 1571 2.
262 1539 452 1573 Constitutus
477 1545 584 1574 sancto
609 1548 714 1576 monte

302 1587 450 1620 Indoctos
475 1590 609 1628 edocuit,

259 1633 445 1672 Impollutus
468 1643 592 1666 carnem
617 1642 729 1676 sponte

304 1680 404 1711 Verus
428 1689 550 1721 pauper
575 1683 694 1715 domuit

351 1726 514 1762 Tun'anus.

200 1783 230 1814 3.
258 1780 427 1821 Soporatus
453 1784 642 1817 obdormivit

302 1829 341 1860 In
366 1829 455 1862 bonis
480 1832 635 1872 operibus,

256 1873 308 1906 Sic
331 1874 478 1910 fundatus
506 1880 672 1918 acquisivit

305 1922 406 1955 Vitam
431 1932 499 1956 cum
523 1926 697 1959 viventibus

347 1970 511 2006 Turianus.

387 2037 589 2072 Responsoria.

197 2080 228 2113 1.
253 2081 315 2113 Hic
337 2088 463 2116 sanctus
489 2087 592 2118 ovium

253 2127 365 2161 Pastor
389 2132 571 2165 Dolensium

298 2176 382 2219 Fuit,
408 2181 444 2209 ut
469 2179 593 2221 legitur,

250 2221 309 2260 Qui
332 2223 371 2255 de
394 2224 567 2267 Britannia,

248 2269 360 2301 Veneti
383 2272 497 2312 patria,

252 2314 343 2348 Clara
368 2320 515 2357 prosapia

296 2364 390 2397 Ortus
416 2364 627 2411 dignoscitur3

812 88 883 123 256
930 108 974 113 —

876 182 915 212 V.
945 182 991 214 Ut
1013 182 1061 213 sol
1084 191 1163 221 prae
1186 184 1300 215 ceteris

946 225 1084 267 Fulgore
1106 229 1212 267 pueris

991 272 1080 304 Dolis
1104 275 1292 307 ostenditur.

886 324 918 357 2.
942 323 1006 355 Hic
1030 332 1099 354 cum
1125 326 1207 355 esset
1229 325 1390 365 parvulus,

947 369 1104 401 Turianus
1128 370 1267 401 aemulus

990 416 1088 448 Verbi
1107 416 1167 447 Dei
1191 416 1313 456 aderat,

941 462 1073 495 Relictis
1097 462 1281 502 parentibus

941 509 985 541 Et
1010 517 1114 541 eorum
1141 508 1252 549 opibus

987 555 1103 587 Dolum
1126 557 1174 588 ire
1195 559 1358 597 properat,

871 603 909 636 V.
941 601 1007 636 Ubi
1035 605 1137 634 custos
1163 604 1267 635 ovium

940 650 1119 690 Puerosque
1144 650 1259 682 civium

988 696 1143 736 Operibus
1168 699 1305 737 superat.

882 749 913 781 3.
938 748 1008 780 Vox
1032 749 1142 790 electa,
1166 758 1230 780 vox
1252 749 1370 781 dilecta

985 795 1123 828 Turiano
1148 795 1264 838 floruit,

940 843 1025 882 Quae
1047 843 1167 884 jocosa,
1192 851 1344 883 saporosa

985 889 1147 929 Armagilo
1172 890 1302 930 placuit,

938 936 997 975 Qui
1021 936 1209 976 psallentem
1232 937 1432 969 innocentem

986 982 1077 1014 Viam
1100 992 1220 1015 morum
1249 984 1373 1026 docuit3

867 1029 903 1060 V.
934 1029 993 1068 Qui
1016 1030 1104 1068 prius
1129 1030 1280 1069 modicus,

938 1076 1014 1107 Post
1037 1076 1115 1108 haec
1139 1076 1332 1117 magnificus,

937 1123 1019 1154 Puer
1043 1123 1201 1162 angelicus

983 1169 1110 1201 Cunctis
1135 1171 1292 1210 apparuit.

993 1233 1039 1266 In
1065 1237 1097 1268 2.
1123 1235 1355 1270 Nocturno.

1078 1285 1271 1322 Antiphonae.

877 1327 907 1358 1.
933 1327 1000 1359 Deo
1025 1328 1213 1361 sacrificium

980 1374 1102 1407 Obtulit
1125 1376 1280 1417 justitiae,

931 1420 1003 1452 Non
1027 1430 1181 1461 quaerens
1205 1423 1415 1465 mendacium,

979 1467 1042 1499 Sed
1068 1477 1175 1501 verum
1201 1470 1359 1511 quotidie;

932 1513 970 1545 In
995 1519 1165 1555 conspectu
1190 1519 1338 1557 gentium,

931 1559 1150 1594 confessorum
1176 1565 1311 1596 omnium

975 1608 1143 1647 Apparens
1167 1619 1224 1642 vas
1248 1611 1369 1651 gratiae

1023 1654 1189 1689 TurianuS.

872 1710 902 1741 2.
928 1708 980 1740 Ex
1004 1710 1070 1748 ejus
1096 1719 1150 1743 ore
1172 1713 1291 1745 veritas

977 1756 1102 1789 Cunctis
1129 1758 1239 1791 diebus
1265 1760 1383 1803 defluit,

928 1802 998 1835 Nec
1020 1805 1156 1844 reperiri
1181 1807 1303 1840 vanitas

976 1850 1013 1882 In
1038 1852 1105 1891 eJ'us
1131 1853 1226 1884 corde
1250 1856 1363 1896 potuit,

929 1896 993 1929 Sed
1017 1898 1180 1938 virginalis
1208 1902 1346 1943 castitas,

928 1944 1160 1978 Praeccrdialis
1190 1949 1305 1980 caritas

975 1993 1012 2023 In
1036 1996 1145 2025 sancto
1170 2002 1296 2035 semper
1318 1995 1424 2029 floruit

1019 2038 1167 2075 Turiano,

868 2095 900 2126 3.
926 2093 1075 2127 Sanctum
1099 2106 1195 2137 super
1219 2108 1316 2139 opera

922 2140 1072 2174 Mannum
1097 2142 1264 2180 fructifera

971 2188 1124 2222 Dominus
1150 2193 1320 2232 constituit,

924 2234 981 2272 Qui
1006 2234 1126 2268 lucrum
1151 2239 1184 2270 in
1210 2241 1357 2274 aetherea

924 2279 1055 2313 Sumens
1080 2292 1176 2323 super
1200 2285 1316 2326 sidera,

970 2327 1016 2360 Ut
1038 2329 1071 2360 in
1096 2332 1190 2363 terris
1215 2334 1339 2374 meruit,

1018 2374 1184 2411 Turianus.
