1650 2587
686 119 920 154 -33-

152 208 191 242 V.
221 209 340 243 Tecum
366 220 429 251 ero,

271 258 383 301 inquit,
408 261 441 290 te
465 257 580 291 faciam

224 303 275 336 De
296 308 431 345 tyranno

270 352 418 393 consequi
442 352 617 385 victoriam.

284 483 329 514 In
357 484 389 516 3.
414 482 472 515 No
484 485 644 517 cturno.

362 557 556 593 Antiphonae.

166 624 196 657 1.
224 624 320 664 Virgo
347 624 486 656 candens

267 672 391 711 pudore
414 672 518 713 niveo,

222 718 321 751 Caesa
344 719 462 759 nervis,

268 775 420 805 percussa
443 767 558 800 malleo

222 812 401 846 Decoratur

270 869 381 893 cruore
404 869 507 895 rose0.

163 928 197 959 2.
225 925 353 958 Gaudet
376 929 461 958 torta

269 973 414 1005 Barbara
438 973 578 1015 nimium,

220 1020 308 1052 Leve
332 1021 451 1052 ducens

265 1076 357 1099 omne
380 1067 582 1111 supplicium,

222 1115 268 1147 Ut
289 1122 432 1154 perenne

267 1163 426 1193 mercetur
449 1162 635 1201 praemium.

160 1230 191 1261 3.
217 1227 322 1260 Patris
347 1235 444 1267 passa

264 1275 410 1307 Barbara
434 1273 598 1316 frameam,

215 1321 455 1362 Triumphaiem

259 1370 383 1409 accepit
406 1369 547 1401 lauream

215 1416 416 1448 Mansionem

262 1464 386 1495 intrans
412 1463 580 1497 sideream.

354 1558 564 1592 Responsoria.

157 1616 187 1649 1.
217 1614 336 1647 Saevus
362 1623 493 1656 praeses

265 1663 349 1694 hanc
375 1662 593 1695 cirumducere

215 1709 365 1742 Sanctam
387 1710 481 1750 jubet

264 1761 296 1789 et
321 1757 420 1798 virgis
448 1758 592 1800 caedere,

215 1805 342 1837 Nudam
367 1804 464 1837 vestit

262 1861 321 1893 per
347 1852 428 1885 coeli
452 1853 607 1896 nuntium,

216 1900 276 1939 Qui
300 1901 397 1932 vestit
418 1899 537 1941 1i1ium3

145 1949 183 1982 V.
215 1947 357 1988 Sponsus
382 1947 516 1980 amictus
542 1947 661 1979 lumine

214 1995 319 2027 Vestit
342 1995 426 2027 hanc
450 1995 533 2027 almo
557 1995 705 2035 tegmine.

155 2065 185 2096 2.
213 2062 314 2094 Torta
339 2060 409 2092 dire

264 2108 414 2140 redditur
437 2107 537 2147 impio

213 2156 304 2189 Patri
329 2155 428 2195 virgo,

263 2203 409 2235 caeditur
434 2201 553 2242 gladio,

215 2250 335 2283 Caesae
359 2258 445 2282 mors
469 2247 508 2280 fit

258 2298 374 2330 natalis
401 2296 531 2339 gloriae,

214 2345 308 2377 Vitae
334 2344 413 2384 dies,

263 2395 350 2423 ortus
375 2391 532 2432 laetitiae;

199 2451 324 2478 mens,
340 2450 462 2474 Historiae
477 2449 631 2478 rhythmicae.
665 2449 707 2473 111.

831 214 870 247 V.

900 214 1000 248 Caesa
1024 215 1111 250 volat

948 262 990 294 ad
1016 262 1119 293 coelos
1144 262 1297 302 Barbara,

902 307 1045 342 Caedens
1069 311 1158 340 ustus

949 355 1013 387 ruit
1036 355 1079 387 ad
1102 358 1232 389 tartara.

869 435 876 443 .
901 411 1014 443 Honor
1037 411 1105 444 Deo

901 459 965 491 Pro
989 459 1146 498 trophaeo

949 505 1032 538 Dato
1057 505 1229 546 Barbarae,

902 552 965 584 Per
989 561 1080 593 quem
1105 553 1216 592 adjuta

898 599 960 631 Est
985 602 1154 632 consecuta

904 646 993 679 Coeli
1018 648 1147 679 chorum

900 693 945 725 Et
968 703 1122 726 summum
1147 694 1273 734 bonum,

903 740 1008 781 Signis
1034 741 1205 780 splendens

946 788 991 820 Et
1014 788 1166 821 virtutum
1186 789 1311 828 jubare.

903 834 990 867 Coeli
1014 836 1099 867 laeta

901 882 1014 914 Mensa
1038 880 1122 914 freta

901 928 1076 961 Debriatur

948 976 1064 1008 Divino
1080 979 1219 1009 nectare.

987 1070 1031 1101 In
1054 1069 1082 1101 L
1091 1079 1139 1101 au
1150 1069 1169 1102 d
1179 1071 1218 1102 ib
1229 1081 1249 1102 u
1259 1079 1283 1103 s.

1040 1134 1237 1170 Antiphonae.

864 1216 872 1223 .
900 1191 1019 1224 Summi
1045 1193 1129 1232 regis
1157 1193 1355 1227 clementiam

945 1239 1017 1272 Vox
1037 1249 1101 1272 una
1124 1241 1237 1273 laudat
1260 1241 1408 1278 omnium,

898 1287 958 1326 Qui
983 1286 1146 1319 Barbarae
1170 1288 1336 1321 victoriam

942 1334 1043 1366 Dedit
1077 1336 1108 1366 et
1133 1343 1244 1367 caesae
1270 1336 1442 1375 praemium

867 1415 874 1422 .
901 1390 991 1422 Votis
1016 1390 1211 1423 invincibilis

944 1437 1071 1470 Amoris
1095 1438 1259 1479 adstricta,

899 1484 1006 1516 Nullis
1032 1487 1080 1516 est
1104 1485 1137 1516 in
1162 1484 1270 1526 fragili

948 1532 1032 1564 sexu
1056 1532 1168 1571 poenis
1193 1533 1290 1565 victa.

866 1613 872 1619 .
899 1587 978 1620 Suos
1003 1589 1071 1621 Deo
1096 1589 1233 1621 moriens

945 1636 1105 1669 Memores
1131 1636 1339 1680 commendat,

901 1684 945 1717 Ut
969 1692 1022 1715 eos
1046 1683 1219 1723 inspiciens

945 1730 1089 1763 Gratiam
1113 1731 1287 1771 impendat.

902 1787 971 1819 Vox
998 1787 1037 1820 de
1064 1788 1150 1820 coelo
1175 1789 1310 1828 nuntiat²

945 1836 1053 1874 Ipsam
1078 1836 1271 1876 exauditam,

900 1883 1056 1924 Invitatis,
1080 1886 1115 1914 ut
1142 1884 1250 1915 veniat

946 1930 1001 1962 Ad
1025 1930 1151 1962 beatam
1175 1931 1284 1963 vitam.

866 2010 873 2017 .
898 1987 986 2019 Coeli
1008 1986 1129 2026 potitur
1153 1988 1277 2027 gaudiis

945 2034 1083 2066 Peracto
1108 2034 1273 2075 trophaeo,

899 2080 1003 2121 Signis
1025 2084 1170 2112 coruscat
1194 2081 1292 2114 variis

945 2128 1047 2160 Beata
1071 2136 1141 2159 cum
1164 2128 1243 2162 De0.

1010 2201 1055 2230 Ad
1075 2202 1262 2230 Benedictus.

899 2250 923 2283 Ο
951 2250 1074 2283 decoris
1100 2251 1195 2292 viola,

946 2297 1092 2330 Paradisi
1116 2298 1237 2338 planta,

899 2345 945 2377 Te
971 2346 1089 2386 duplex
1113 2347 1251 2387 aureola,

946 2393 1043 2434 Virgo
1069 2396 1200 2435 martyr,
1225 2397 1338 2427 sancta
