1650 2587
724 121 984 157 —199—

201 214 241 247 V.
270 215 337 247 Hic
362 225 435 249 caro
460 219 635 257 torquetur,

322 264 379 296 sed
403 264 450 296 ibi
475 273 534 304 pro
557 274 609 296 me
631 266 772 305 patietur

275 309 410 342 Sanctus
435 315 625 352 sanctorum,

322 361 472 397 reputans
490 368 547 390 sua
561 359 677 391 damna
689 369 825 392 suorum.

219 414 250 446 3.
276 414 353 445 Mox
377 417 452 454 post
474 417 601 454 partum
626 416 795 448 adducitur

272 460 318 492 Et
342 461 382 492 ad
408 461 564 493 theatrum
589 463 727 494 trahitur

321 508 505 547 Pugnatura
530 518 597 540 cum
623 510 735 552 bestia,

276 554 427 587 Cruorem
452 557 611 596 puerperii

274 601 369 634 Lavit
393 603 480 634 unda
504 604 651 644 martyrii

322 649 416 681 Hanc
441 650 598 682 collocans
622 651 655 681 in
680 651 790 690 gloria.

236 720 243 725 .
274 695 384 727 Exora
407 696 587 737 Dominum,

322 746 456 784 martyr,
482 745 535 783 qui
559 747 592 775 te
617 744 694 775 fecit
719 753 788 775 esse

275 790 313 822 In
339 799 436 830 regno
460 800 577 831 secum,

322 840 358 868 ut
381 846 438 869 nos
462 839 619 878 possimus
644 838 765 871 adesse.

334 970 380 1001 In
404 971 433 1002 3.
460 969 691 1001 Nocturno.

416 1043 611 1078 Antiphonae.

242 1137 248 1144 ,
275 1110 366 1141 Tunc
390 1112 535 1141 matrona
560 1110 656 1141 corde
679 1110 765 1141 laeso

275 1157 375 1198 Bona,
401 1157 513 1196 inquit,
540 1157 648 1196 verba,
675 1165 800 1198 quaeso,

323 1205 430 1245 Pater,
456 1206 488 1234 et
510 1212 573 1235 non
598 1204 687 1237 talia.

241 1287 247 1293 .
274 1261 372 1292 Petra
395 1260 506 1299 nequit
528 1260 690 1292 immutari

275 1307 345 1339 Nec
368 1307 455 1338 aliud
480 1308 665 1346 nuncupari,

324 1354 423 1393 Quam
448 1356 558 1393 petrae
582 1354 768 1387 substantia.

242 1436 249 1443 .
276 1411 330 1443 Sic
355 1413 387 1442 et
411 1419 467 1450 ego
494 1410 683 1450 Christiana,

274 1458 430 1498 Quamdiu
454 1467 522 1488 sum
547 1460 653 1489 mente
677 1467 763 1498 sana,

324 1505 492 1544 Nunquam
519 1505 608 1536 dicar
632 1505 703 1537 alia.

412 1588 540 1624 Respons
548 1589 620 1615 oria.

241 1680 248 1686 .
274 1657 352 1689 Post
376 1654 555 1687 conflictum
579 1655 752 1687 bestiarum

274 1704 320 1736 Et
342 1702 464 1735 inflicta
488 1702 684 1735 diversarum

322 1752 498 1783 Poenarum
523 1750 680 1790 supplicia

275 1799 413 1838 Quisque
436 1800 559 1837 martyr
583 1797 702 1829 Christi
726 1796 830 1829 factus

276 1847 314 1878 In
340 1853 375 1877 se
400 1845 519 1878 Christi
546 1845 683 1884 complet
708 1846 796 1876 actus

323 1892 368 1924 Et
390 1893 502 1923 mortis
527 1893 677 1934 vestigia3

237 1967 244 1974 .
275 1939 361 1971 Sorti
385 1942 564 1972 sanctorum

324 1986 424 2018 societ
447 1995 504 2017 nos
529 1988 634 2018 rector
656 1995 773 2020 eorum.

242 2071 250 2078 .
275 2044 355 2076 Post
377 2043 536 2074 luctamen
560 2042 711 2083 Aegyptii

277 2091 321 2123 Et
346 2092 418 2129 post
442 2092 630 2129 puncturam
656 2091 754 2129 gladii

324 2131 432 2177 Atque
455 2145 533 2168 nece
558 2145 674 2168 cernua

279 2185 352 2219 Jam
376 2184 554 2224 procedens
578 2184 620 2215 ad
646 2184 763 2216 exitum

278 2232 430 2265 Tradidit
454 2231 522 2263 Deo
546 2231 693 2271 spiritum

326 2280 428 2312 Beata
451 2280 630 2318 Perpetua3

240 2359 247 2365 ,
278 2329 343 2361 Det
363 2327 465 2369 nobis,
493 2335 580 2366 cura,

327 2378 460 2415 martyr,
486 2376 642 2414 perpetua
662 2373 745 2412 jura.

900 221 931 252 3.
955 219 1050 251 Felix
1074 218 1231 258 quondam
1255 217 1446 256 Mauritana‚

955 267 1051 305 Cujus
1074 265 1151 297 urbs
1176 264 1394 297 Tuburbitana

1001 313 1127 345 Floruit
1148 312 1208 343 hac
1231 311 1308 352 filia,

955 360 1047 392 Felix
1071 368 1155 390 nunc
1177 359 1354 400 Evodiana,

956 407 1050 446 Cujus
1076 415 1189 446 corpus
1213 405 1278 437 fide
1303 414 1381 437 sana

1003 453 1114 485 Servat
1138 453 1216 485 haec
1241 453 1383 485 ecclesia.

884 501 923 533 V.
953 500 1071 533 Christi
1094 503 1246 542 matrona,

1002 550 1034 578 te
1058 547 1201 586 supplice
1225 555 1349 578 sumere
1374 546 1457 577 dona

956 593 1082 625 Coelica
1106 602 1281 637 speramus,

1001 642 1054 680 qui
1078 641 1136 672 tibi
1161 649 1290 672 munera
1316 640 1436 671 damus.

1128 714 1266 742 Prosella⁴

957 762 1143 794 Ascendant
1165 771 1224 801 per
1247 765 1280 793 te
1304 769 1416 801 preces

1002 812 1139 849 nostrae,
1166 809 1334 848 Perpetua,

955 855 1008 887 Ad
1033 855 1144 895 Deum,
1172 856 1224 896 qui
1249 856 1307 887 tibi
1333 855 1422 886 dedit

1003 911 1101 942 regna
1124 906 1287 942 perpetua.

957 967 1016 1006 Qui
1041 968 1229 999 truculentis
1254 968 1336 999 eruit

1001 1015 1102 1054 patris
1128 1024 1166 1046 ex
1188 1015 1331 1047 manibus

955 1061 1000 1093 Et
1024 1064 1056 1092 te
1080 1062 1219 1093 servavit
1242 1062 1303 1093 sibi

1001 1108 1111 1139 matris
1138 1108 1178 1139 ab
1202 1108 1364 1139 uberibus.

956 1173 1030 1205 Tibi
1056 1173 1160 1204 cuncti
1179 1174 1355 1214 psallimus,

956 1220 1002 1251 Te
1026 1221 1192 1252 laudantes
1219 1221 1348 1252 colimus

957 1286 994 1317 In
1018 1286 1079 1318 hoc
1102 1287 1247 1318 natalitio

956 1333 1024 1365 Tuo
1050 1342 1120 1364 cum
1143 1333 1295 1373 tripudio.

957 1399 1076 1431 Nostra
1102 1399 1209 1430 concio

956 1446 1094 1478 Resonet
1119 1446 1242 1477 cantica

958 1512 1041 1554 Tibi,
1069 1521 1162 1551 quam
1184 1512 1295 1543 laudat

958 1559 1102 1590 Phalanx
1126 1559 1279 1600 angelica,

957 1625 1011 1656 Ad
1036 1625 1185 1656 coelestia

959 1672 1102 1704 Tandem
1120 1674 1157 1702 ut
1180 1672 1295 1711 gaudia

955 1719 1125 1750 Veniamus
1148 1722 1181 1750 te
1204 1719 1361 1758 praeside.

1045 1815 1062 1846 Ι
1071 1824 1091 1845 11
1116 1812 1145 1845 L
1153 1823 1172 1845 a
1180 1823 1201 1844 u
1213 1814 1234 1845 d
1246 1815 1257 1844 i
1267 1813 1287 1844 b
1297 1823 1319 1844 11
1327 1822 1353 1847 S.

1101 1879 1297 1914 Antiphonae.

902 1938 934 1972 1.
960 1936 1121 1976 Suscipiat
1145 1937 1280 1968 ecclesia

961 1984 1176 2015 Solemnitatis
1200 1984 1326 2023 gaudia,

959 2032 1045 2071 Quae
1066 2031 1181 2062 nobilis
1206 2030 1358 2070 progenie

957 2079 1002 2111 Et
1022 2078 1163 2110 moribus
1187 2078 1323 2118 ingenua

960 2125 1061 2158 Nobis
1085 2125 1237 2167 propinat
1259 2125 1355 2157 hodie

960 2172 1151 2205 Veneranda
1174 2173 1344 2212 Perpetua.

903 2232 935 2263 2.
961 2229 1015 2262 Ad
1040 2238 1133 2269 quam
1160 2229 1281 2260 directo
1305 2231 1414 2261 nuntio

962 2276 1137 2310 Proconsul
1162 2277 1342 2308 Armunitio

966 2324 1082 2357 Claudi
1103 2324 1195 2363 jubet
1218 2329 1251 2355 111
1276 2333 1403 2356 carcere

967 2372 1076 2404 Ortam
1099 2372 1218 2403 illustri
1243 2381 1367 2412 genere.
