1651 2588
228 386 259 417 1.

227 489 257 521 2.

728 95 983 131 —122—

654 190 702 221 45.
743 189 786 219 De
806 187 912 218 sancto
932 186 1068 217 Leontio.

350 263 395 294 In
422 262 453 295 1.
479 261 697 302 vesperis,

431 326 624 363 Antiphonae.

287 384 398 416 Gaude
422 387 545 416 vetusta
570 384 679 415 civitas

284 431 407 463 Novum
431 440 526 471 agens
549 430 732 471 tripudium,

283 487 386 519 Adest
408 495 490 518 nova
513 486 678 525 festivitas,

283 533 428 575 Exsulta,
451 532 656 573 Forojulium.

285 590 376 626 Vide,
402 592 517 628 quanta
540 590 583 620 sit
607 588 753 628 dignitas,

284 636 368 674 Quae
394 636 522 668 decorat
545 636 721 675 Leontium,

284 692 329 724 Ut
351 691 432 722 tanti
455 692 555 731 patris
580 692 730 723 sanctitas

284 739 332 770 Sit
355 739 437 769 natis
461 740 494 770 in
519 739 678 778 auxilium,

282 794 326 826 Et
348 796 422 834 post
447 794 593 826 decursas
618 794 744 825 semitas

284 841 357 872 Tibi
381 844 537 873 mercetur
560 843 743 880 praemium.

404 914 449 941 Ad
468 914 644 951 Mag-nificat.

281 970 465 1011 Magnificat
487 973 571 1003 hunc
593 972 770 1011 praesulem

323 1018 544 1057 Multiplicatis
567 1019 699 1056 meritis,

284 1066 362 1098 Cum
383 1074 527 1104 magnum
551 1064 628 1096 fecit
650 1065 809 1104 humilem,

324 1112 411 1143 Deus
435 1112 531 1150 gratis
557 1111 703 1142 exhibitis

281 1157 392 1196 Donis,
418 1158 529 1197 quibus
553 1158 719 1197 perutilem

327 1203 418 1235 Fecit
442 1213 511 1236 eum
534 1205 711 1245 neophytis,

284 1251 352 1283 Nec
373 1251 492 1291 primus
517 1251 613 1283 habet
635 1252 767 1282 similem

327 1299 364 1331 In
389 1298 479 1330 bonis
504 1299 564 1329 sibi
590 1298 715 1331 deditis,

348 1382 409 1414 Ad
432 1381 694 1415 Matutinum.

416 1446 629 1473 Invitatorium.

284 1504 460 1536 Adoremus
481 1504 513 1535 in
539 1504 665 1535 saecula

335 1550 493 1583 Christum
517 1560 621 1590 regem
645 1551 678 1582 in
702 1551 812 1590 milite,

284 1598 342 1636 Qui
368 1597 448 1628 coeli
473 1597 593 1629 confert
615 1598 737 1640 pocula,

329 1644 489 1684 Hymnum
521 1653 635 1676 novum
665 1644 828 1675 concinite.

344 1728 390 1759 In
417 1728 447 1759 1.
473 1727 701 1759 Nocturno.

423 1790 616 1827 Antiphonae.

284 1850 346 1882 Per
372 1851 405 1879 te
430 1850 528 1880 currit
552 1848 593 1880 ad
617 1848 760 1888 gratiam,

330 1895 464 1935 Christe,
488 1898 608 1934 martyr
632 1895 790 1937 Leontius,

286 1942 381 1982 Cujus
405 1942 484 1981 legis
506 1943 661 1981 justitiam

329 1990 541 2029 Amplectitur
566 1989 717 2021 devotius.

283 2046 419 2078 Auditor
442 2046 533 2077 verbi
557 2045 683 2077 sedulus

331 2092 384 2124 Sic
408 2092 526 2125 Christi
550 2091 587 2124 fit
612 2092 794 2131 discipulus,

284 2139 460 2172 incredulis
485 2139 521 2171 fit
544 2139 697 2178 stimulus,

334 2186 541 2219 Credentibus
565 2186 737 2226 agniculus.

251 2269 258 2275 .
285 2242 422 2274 Verbum
446 2242 506 2274 Dei
531 2243 604 2275 dum
628 2242 801 2282 praedicat,

282 2288 477 2322 Fructiferat
499 2292 531 2321 et
554 2290 709 2330 germinat

329 2338 415 2377 Ager
439 2340 471 2368 et
494 2337 563 2377 agri
587 2337 697 2370 cultor.

904 311 935 346 1.

888 502 927 534 V.

901 605 933 635 2.

901 1614 930 1646 1.

899 1765 930 1795 2.

901 1914 931 1945 3.

901 2148 933 2181 1.

1094 255 1299 290 Responsoria.

960 312 1010 344 De
1035 312 1175 344 sentibus
1197 310 1255 344 flos
1279 311 1380 343 oritur

1003 360 1038 391 In
1064 368 1139 390 vere
1162 362 1254 391 natus
1279 358 1408 400 gratiae,

958 406 1109 439 Leontius
1135 407 1208 438 dum
1233 406 1333 437 oritur

1001 453 1051 485 De
1074 457 1167 493 gente
1192 451 1397 494 diffidentiae,

956 500 1101 539 Eripitur
1127 503 1157 531 et
1181 500 1278 531 alitur

1004 547 1137 579 Praesul
1160 549 1282 586 martyr
1306 544 1441 579 futurus.

961 602 1169 635 Crebescente
1193 602 1326 634 saevitia

999 650 1195 689 Paganorum
1219 650 1252 680 in
1278 648 1446 688 Christum,

954 696 1115 736 Expulsus
1139 697 1179 728 de
1203 696 1377 738 Provincia,

999 743 1054 775 Fit
1077 744 1212 775 insultus
1236 744 1270 774 in
1293 743 1389 774 istum

958 789 1010 821 Sic
1021 791 1054 821 in
1063 791 1212 822 membris
1222 792 1317 829 caput
1326 789 1506 829 expellitur.

955 837 1066 868 Partes
1093 837 1225 868 dimittit
1247 837 1394 876 proprias

1003 884 1167 924 Ingressus
1192 885 1310 915 alienas

1049 930 1094 963 Ut,
1119 930 1277 962 Christum
1301 929 1492 963 lucrifaciat.

921 1011 928 1017 .
953 987 1024 1019 Jam
1048 995 1158 1025 sparso
1182 986 1273 1018 verbi
1295 987 1414 1017 semine

1001 1033 1063 1065 Per
1086 1036 1193 1072 partes
1217 1032 1415 1072 Forojulicas

956 1080 1019 1111 Sub
1046 1080 1187 1111 caritatis
1211 1081 1348 1120 tegmine

998 1127 1113 1158 Terras
1138 1127 1220 1167 petit
1244 1126 1457 1165 Germanicas,

1003 1174 1066 1205 Per
1090 1172 1219 1205 fraudes
1246 1173 1416 1205 diabolicas

955 1220 1105 1259 Deceptis
1130 1220 1167 1252 fit
1190 1221 1331 1259 medela;

954 1267 1111 1299 Morbidis
1135 1266 1173 1299 fit
1197 1268 1327 1307 curatio,

954 1314 1089 1346 Mortuis
1112 1314 1284 1354 suscitatio,

1005 1360 1133 1394 Cunctis
1156 1361 1208 1393 via
1231 1361 1351 1392 salutis.

1021 1473 1067 1505 In
1093 1474 1124 1505 2.
1150 1473 1376 1506 NocturnO.

1096 1547 1290 1583 Antiphonae.

956 1614 1048 1645 Mare
1069 1614 1185 1645 transit
1206 1615 1331 1654 navigio

956 1660 1024 1691 Deo
1046 1660 1107 1691 sibi
1131 1661 1270 1700 propitio

999 1706 1068 1737 Nec
1088 1708 1231 1747 trepidat
1253 1708 1287 1739 in
1310 1707 1414 1740 undis.

957 1762 1037 1794 Adit
1061 1765 1168 1801 partes
1190 1764 1378 1796 Provinciae

956 1809 1092 1841 Divinae
1116 1813 1201 1842 sator
1225 1812 1354 1853 gratiae,

999 1856 1143 1888 Lucerna
1166 1858 1352 1891 sanctitatis.

957 1912 1010 1943 Fit
1036 1913 1162 1945 virtutis
1187 1915 1402 1954 spectaculum

956 1959 1001 1991 Et
1025 1960 1167 1993 veritatis
1192 1962 1353 2001 speculum

1005 2006 1154 2039 Omnibus
1176 2009 1208 2040 in
1230 2009 1372 2042 salutem.

1094 2091 1300 2128 Responsofia.

961 2148 1080 2181 Christi
1103 2150 1194 2181 miles
1220 2150 1293 2182 dum
1318 2150 1443 2190 militat,

1008 2195 1045 2227 In
1070 2196 1216 2235 spiritum
1239 2197 1400 2236 nequit-iae

960 2242 1117 2274 Certando
1141 2244 1220 2275 nihil
1242 2244 1393 2285 trepidat,

1006 2290 1112 2321 Armis
1138 2292 1249 2323 doctus
1272 2291 1403 2324 militiae

1050 2336 1182 2370 Gentem
1192 2339 1319 2370 vincens
1329 2336 1504 2383 profanam,
