1650 2587
177 134 208 166 4.
236 134 361 176 Servos,
385 144 462 174 quos
486 143 591 166 secum
616 133 763 174 habebat,

178 350 196 382 CJK

692 38 925 72 -38,

282 181 425 213 libertati
447 182 584 214 tradidit

236 228 368 259 Praeter
391 237 495 268 unum,
522 237 613 267 quem
638 226 758 259 viarum

283 274 426 306 comitem
450 275 588 307 retinuit.

201 374 209 382 .
233 349 318 381 Huic
341 357 436 388 saepe
459 357 550 382 versa
576 349 644 382 vice

282 396 440 428 serviebat
463 396 553 435 adeo,

238 442 282 475 Ut
307 443 488 475 detraheret
511 442 550 474 ab
576 442 642 481 ejus

282 489 418 529 pedibus
445 488 607 522 calceolos

206 588 213 596 .
241 564 326 596 Hinc
349 572 410 594 non
436 572 497 595 uno
522 565 607 595 stare
629 562 700 594 loco

282 610 406 650 patiens
433 609 549 641 diutius

238 657 291 689 Ad
316 656 525 688 Nanneticam
547 655 694 695 pervenit

285 704 394 735 urbem
420 702 607 743 expeditius,

372 777 579 813 Responscria.

208 861 215 868 .
240 834 304 866 Hic
327 843 385 875 pro
410 834 478 866 Deo
505 834 676 866 distributa

285 880 437 913 facultate
460 881 592 921 propria

238 929 336 960 Velut
358 936 480 968 pauper
504 930 536 959 et
558 927 721 959 mendicus

287 974 368 1007 adiit
392 974 605 1015 Aquitaniam,

236 1022 282 1054 Ut
303 1021 477 1054 nobilitatis
502 1030 577 1052 suae

288 1068 463 1100 declinaret
486 1068 629 1108 gloriam.

240 1145 279 1177 111
304 1144 406 1175 eundo
430 1142 535 1176 verbis
559 1144 681 1183 pluens,

285 1199 470 1223 corruscans
494 1190 654 1222 miraculis

239 1238 301 1269 Per
324 1237 419 1269 fidem
444 1237 558 1269 multos
583 1237 716 1277 gentiles

282 1284 437 1324 jungebat
462 1283 667 1325 Christicolis,

237 1331 425 1371 Peregrinus
450 1339 584 1370 namque
607 1331 727 1372 mundi,

286 1377 401 1418 spiritu
424 1377 584 1417 peragilis.

212 1478 219 1485 .
247 1453 385 1494 Cumque
409 1452 554 1493 plurimis
581 1452 743 1485 doetrinae

282 1500 476 1532 ministraret
500 1500 629 1540 semina,

243 1547 313 1580 Non
338 1547 378 1580 ab
403 1547 468 1578 illis
492 1547 638 1586 capiebat

288 1594 429 1634 corporis
454 1593 577 1632 solatia,

240 1642 391 1674 Mannum
415 1640 524 1672 labore
548 1639 656 1672 vivens

290 1689 360 1728 lege
386 1686 556 1720 eremitica.

305 1802 351 1833 In
377 1802 408 1832 2.
434 1800 660 1832 Nocturno.

385 1874 579 1910 Antiphonae.

211 1966 217 1974 .
241 1942 286 1974 Et
309 1950 380 1973 cum
403 1942 569 1980 quaereret
592 1940 709 1973 secreti

291 1988 394 2020 locum
417 1987 601 2027 habitaculi,

244 2037 282 2068 In
306 2034 531 2068 vindocinensi
555 2043 637 2074 pago

289 2086 396 2122 aptum
421 2090 489 2113 esse
515 2081 635 2113 didicit.

241 2158 323 2190 Illuc
345 2157 461 2198 partim
485 2156 672 2197 navigando,

289 2204 406 2245 partim
429 2205 512 2244 pede
535 2212 709 2243 properans

246 2252 349 2284 Homo
373 2251 435 2283 Dei
460 2251 587 2284 tandem
612 2251 700 2283 venit

295 2307 364 2331 cum
388 2308 502 2340 magna
525 2298 656 2331 laetitia.

849 134 880 165 3.
907 131 1000 164 mum
1024 131 1126 163 100um
1150 116 1316 162 habitabat

953 186 1084 217 serpens
1108 178 1238 209 multum
1264 173 1409 215 pestifer,

909 225 1017 257 Armis
1045 233 1174 265 precum
1209 232 1318 255 servus
1344 220 1462 254 Christi

957 281 1049 311 quem
1073 270 1195 312 fugavit
1218 270 1372 310 gnaviter.

1052 355 1258 390 Responsoria.

879 441 884 446 .
911 412 949 446 In
972 412 1128 445 Nannetis
1151 412 1281 444 civitate

954 468 1046 498 quam
1070 467 1187 498 paucos
1211 457 1353 490 fidelium

911 506 1038 539 Invenit
1061 508 1187 537 sanctus
1211 504 1338 543 Beatus,

959 553 1112 592 plurImos
1137 551 1309 593 gentilium,

873 624 880 632 .
912 599 1030 633 Ovibus
1055 598 1173 633 Christi
1198 598 1331 630 diversis

962 646 1065 678 modis
1089 645 1338 679 adversantium.

879 728 887 735 .
912 700 1076 735 Affluente
1099 704 1174 733 tunc
1199 701 1345 733 doctrina

961 749 1079 781 satians
1107 747 1313 780 Christicolas

914 796 1080 829 imbuebat
1103 804 1179 827 vera
1201 794 1266 847 fi-de

961 851 1154 883 paganorum
1179 851 1309 882 ammas,

876 919 883 925 .
914 889 1188 923 Praedicationem
1214 898 1303 921 suam

960 936 1089 969 firmans
1114 945 1173 976 per
1197 935 1359 969 miracula.

880 1019 887 1026 .
913 994 1003 1027 Tunc
1027 992 1132 1032 coepit
1156 993 1339 1025 desiderare

961 1041 1057 1073 vitam
1082 1040 1267 1081 solitariam,

915 1087 960 1121 Ut
983 1088 1043 1119 soli
1066 1086 1134 1119 Deo
1159 1089 1288 1119 vacaret

959 1137 1063 1166 mente
1088 1133 1299 1176 devotissima,

875 1208 883 1215 .
913 1181 993 1214 Nam
1018 1181 1153 1212 humana
1178 1180 1325 1220 cupiebat

961 1229 1061 1260 vitare
1086 1228 1251 1259 consortia.

978 1341 1024 1372 In
1051 1342 1081 1375 3.
1108 1339 1335 1372 Nocturno.

1049 1415 1255 1448 Responsoria.

884 1507 891 1514 .
918 1482 995 1514 Post
1015 1480 1153 1512 munitus
1178 1481 1266 1521 signo
1294 1483 1404 1522 crucis,

964 1530 1110 1560 constans
1135 1530 1165 1558 et
1189 1527 1378 1567 intrepidus,

915 1575 1050 1607 Antrum
1078 1577 1209 1614 cryptae
1232 1583 1416 1607 nemorosae

964 1622 1099 1661 desuper
1121 1621 1309 1664 ingreditur,

880 1696 887 1703 .
916 1670 1023 1708 Prope
1046 1668 1168 1700 Ledam
1192 1667 1307 1701 fiumen
1333 1671 1438 1709 situm,

962 1716 1133 1748 rotundum
1157 1715 1302 1748 interius.

858 1779 889 1805 ⁴.
914 1772 984 1805 Hoc
1007 1772 1039 1804 in
1066 1774 1157 1805 antro
1182 1774 1280 1805 vitam
1305 1774 1370 1814 egit

964 1822 1078 1851 extunc
1102 1820 1286 1860 solitariam,

917 1869 1014 1908 Quam
1038 1866 1191 1899 sollicitus
1215 1876 1274 1908 per
1296 1869 1427 1900 multum

963 1914 1114 1953 temporis
1139 1917 1316 1956 optaverat,

879 1985 886 1992 .
915 1961 1047 1993 Evitata
1070 1962 1218 2001 populari

964 2009 1104 2048 gaudens
1128 2009 1216 2041 illam
1241 2009 1378 2045 inchoat.

884 2089 890 2096 .
916 2064 1076 2105 Deinceps
1100 2074 1163 2096 non
1188 2066 1313 2098 evoluto

967 2111 1114 2144 diuturno
1139 2115 1283 2152 tempore

918 2158 1130 2191 Circumcirca
1155 2159 1260 2199 coepit
1286 2160 1353 2199 ejus

968 2205 1081 2238 dextra
1106 2205 1192 2238 fama
1217 2214 1370 2247 crescere,

880 2277 887 2285 .
920 2252 1014 2291 Cujus
1039 2253 1160 2284 meritis
1182 2256 1332 2292 serpente

967 2307 1002 2330 se
1025 2301 1185 2339 protectos
1211 2301 1352 2334 credere.
