1651 2588
213 200 244 232 5.
269 198 353 231 Laus
378 200 445 232 Deo
470 200 510 231 sit

316 255 376 285 pro
398 247 457 279 tali
480 245 606 287 famulo,

271 294 365 332 Quem
389 294 577 326 laudandum

317 349 336 371 a
360 349 414 372 suo
435 341 551 380 populo

270 387 412 418 Christus
438 386 513 419 fecit

314 433 347 464 in
371 435 454 465 omni
477 434 605 473 populo.

385 517 430 543 Ad
447 516 629 544 Benedictus.

196 562 235 594 A.
267 563 393 596 Transit
418 565 544 603 praesul

312 611 352 642 ad
378 611 457 643 coeli
481 610 602 650 solium,

263 656 336 688 Dux
360 657 401 689 ad
425 659 593 697 sceptrum,

312 712 419 735 cursor
443 704 484 735 ad
508 704 660 742 bravium,

264 751 352 782 Mors
376 751 409 782 in
435 751 540 791 vitam,

310 797 400 828 labor
420 798 453 829 in
476 797 583 838 otium,

809 105 877 139 206
928 127 971 132 —

937 203 1090 234 Praesens
1116 202 1200 234 cedit

990 249 1095 282 luctus
1119 251 1152 281 in
1177 250 1335 289 gaudium.

1014 352 1059 384 In
1086 355 1117 386 2.
1143 352 1358 392 vesperis.

1062 417 1108 444 Ad
1127 416 1304 453 Magnificat.

871 473 912 505 A.
946 473 970 505 O
997 475 1124 512 praesul
1150 474 1270 516 eximie,

989 529 1099 552 norma
1123 521 1309 562 sanctitatis,

940 567 1072 599 Pietatis
1096 568 1267 608 vasculum,

988 614 1079 646 homo
1104 614 1256 657 veritatis,

940 660 1009 692 Tua
1036 670 1095 700 per
1119 660 1266 701 suffragia

987 708 1109 739 veniam
1132 709 1272 748 peccatis

937 753 982 785 Et
1005 754 1100 787 vitam
1124 756 1158 786 in
1182 756 1284 795 gloria

984 805 1114 840 praesta
1137 810 1206 832 cum
1231 802 1341 835 beatis,

270 861 352 888 Brev.
374 871 427 889 ms.
447 861 669 890 Tarentasiense
705 863 1311 894 aee.15.00c1.1>affisin.18000.A.—
1331 868 1415 895 Brev.
1436 877 1487 895 ms.

195 897 324 925 Tar.enta
327 900 417 926 dense
437 908 509 927 taso.
533 898 576 926 15.
598 900 665 928 Cod.
687 901 855 937 Lugdunen.
876 901 940 930 478.
962 903 994 930 B.
1016 918 1052 922 —-
1071 905 1155 932 Brev.
1175 905 1398 933 Tarentasiense
1418 907 1487 941 imp.

195 934 330 970 Lugduni
359 935 438 964 1519.
467 936 497 963 C.
523 953 560 957 —
584 938 620 965 In
649 937 672 965 1.
695 939 784 974 Vesp.
805 939 865 974 Sup
868 948 898 967 er
917 940 964 968 Ps.
986 939 1018 974 Α,
1044 939 1062 969 3
1088 942 1273 969 admirandus
1290 944 1323 970 A.
1352 959 1387 962 —
1414 941 1443 977 R,
1470 942 1488 971 8

193 973 262 999 tunc
280 982 330 1008 pro
351 975 434 1002 nobis
454 975 536 1009 virgo
550 975 584 1002 A.
604 992 642 995 —
656 976 702 1003 Ad
714 977 804 1011 Magn

195 1006 216 1034 R
237 1008 262 1044 2,
284 1008 302 1037 8
318 1011 441 1047 iefulget
459 1011 492 1039 A.

832 948 865 1010 Ap
885 975 903 1004 8
925 979 1005 1006 sedes
1026 981 1182 1007 ministerii
1200 979 1229 1007 C
1251 996 1288 1000 ν-
1306 981 1342 1008 In
1361 978 1388 1008 3.
1402 982 1486 1009 Noct.

541 1102 585 1132 78.
624 1102 658 1132 In
679 1103 895 1136 'translatione
916 1114 938 1136 s.
958 1106 1134 1138 Philiberti.

326 1170 371 1201 In
398 1171 428 1203 1.
455 1170 667 1210 vesperis,

372 1233 467 1270 Super
484 1234 626 1262 Psalmos.

189 1289 230 1321 A.
263 1290 407 1323 Gloriose
429 1294 546 1331 pastor,
574 1292 691 1324 Christi

306 1338 394 1369 miles
417 1339 630 1380 invictissime,

261 1384 373 1416 Preces
397 1388 531 1426 nostraS,
556 1386 739 1427 Philiberte,

305 1432 483 1464 miserando
507 1433 631 1472 suscipe

258 1478 354 1517 Apud
381 1478 538 1511 Christum
561 1479 760 1519 impetrando

304 1525 394 1557 nobis
418 1527 520 1557 locum
545 1526 664 1558 veniae.

375 1599 423 1626 Αᾱ
441 1600 618 1635 magnificat.

188 1655 229 1687 A.
261 1656 374 1687 Pastor
397 1659 506 1688 sancte
530 1657 713 1699 Philiberte,

306 1704 456 1742 templum
482 1704 582 1734 sancti
607 1704 746 1744 spiritus,

258 1748 324 1780 Tuo
348 1749 401 1788 pio
425 1753 604 1781 interventu

304 1796 395 1827 malis
420 1797 459 1827 ab
484 1796 673 1828 instantibus

258 1841 324 1873 Nos
358 1840 501 1884 defende,
533 1843 650 1874 nostris
673 1852 805 1883 poscens

304 1890 426 1921 veniam
452 1890 643 1930 criminibus,

257 1935 389 1968 Nostras
414 1945 524 1977 preces
548 1937 632 1976 audi,
659 1940 776 1977 sancte,

302 1984 493 2024 indulgendo
517 1984 668 2023 lapsibus.

320 2077 347 2108 A
361 2077 381 2109 d
405 2078 671 2112 Matutinum.

389 2143 601 2170 Invitatorium.

254 2200 393 2231 Aeterno
417 2200 483 2241 regi

299 2246 467 2285 jubilemus
494 2248 589 2279 corde
611 2247 709 2288 fideli,

257 2293 315 2331 Qui
341 2295 418 2325 coeli
442 2294 568 2326 rutilam

302 2341 510 2373 Philibeitum
532 2342 618 2374 vexit
633 2343 674 2374 ad
691 2343 803 2377 aulam.

1000 1178 1046 1209 In
1072 1179 1102 1210 1.
1128 1176 1355 1210 Nocturno.

1080 1261 1273 1296 Antiphonae.

879 1339 909 1370 1.
935 1338 1048 1370 Indole
1072 1339 1260 1377 praecipuus

982 1385 1176 1417 Philibertus
1206 1387 1238 1415 et
1259 1385 1387 1416 inclitus
1413 1388 1484 1417 ortu

935 1431 1079 1464 Moribus
1105 1431 1226 1463 eximiis

984 1478 1096 1510 effulsit
1123 1480 1155 1510 cb
1178 1478 1301 1510 actibus
1325 1478 1425 1510 almis.

874 1554 906 1585 2.
931 1554 1032 1586 Annis
1057 1554 1106 1586 bis
1132 1554 1221 1587 denis

982 1601 1057 1641 agili
1081 1602 1138 1633 sub
1165 1601 1310 1640 dogmate
1335 1602 1439 1633 sancti

934 1648 1053 1679 Militia,
1074 1648 1184 1679 mundi

982 1697 1089 1733 spreta
1113 1693 1150 1725 fit
1174 1695 1305 1726 vernula
1330 1694 1457 1728 Christi.

877 1771 908 1803 3.
936 1769 1030 1809 Cujus
1054 1771 1088 1801 in
1113 1770 1262 1809 obsequio

982 1816 1126 1849 fervebat
1150 1826 1256 1848 amore
1280 1827 1427 1858 superno,

934 1863 975 1895 Se
999 1864 1132 1896 Domino
1160 1868 1312 1904 mactans,

980 1911 1100 1942 hostem
1127 1911 1245 1944 virtute
1266 1912 1474 1952 triumphans.

875 1988 906 2018 -ὲ,
934 1985 1072 2026 Cumque
1095 1987 1291 2021 chirothecas

979 2034 1105 2073 quidam
1131 2033 1192 2066 sibi
1216 2035 1435 2076 subripuisset,

928 2080 1008 2119 Ejus
1030 2090 1088 2120 pro
1112 2081 1233 2113 meritis

976 2137 1049 2159 mox
1073 2128 1167 2160 reddi
1192 2130 1343 2168 compulit
1365 2131 1457 2170 ignis.

874 2203 905 2235 5.
929 2203 1081 2236 Extremo
1104 2205 1190 2237 vitae

977 2252 1148 2283 monachus
1166 2252 1239 2285 dum
1254 2253 1327 2292 jura
1338 2254 1483 2293 loquelae

932 2298 1057 2337 Amisit,
1085 2299 1185 2331 saneti

980 2346 1100 2377 meritis
1125 2346 1241 2379 amissa
1264 2347 1395 2385 recepit..
