1650 2587
735 93 966 129 -61-

654 204 702 236 20.
741 205 785 236 De
805 205 910 236 sancto
930 204 1040 237 Felice.

339 290 383 322 In
410 292 440 326 1.
468 291 682 332 Vesperis.

389 365 435 393 Aa
453 365 631 401 Magnificat.

199 422 239 455 A.
271 422 387 454 Sancte
411 425 465 455 tua
489 423 584 456 Felix

315 478 412 509 prece
427 469 479 502 fac
496 470 538 501 sit
553 471 645 510 plebs
662 475 715 503 tua
730 470 820 512 felix,

269 516 328 549 Cui
350 526 438 549 mens
464 519 513 549 est
530 518 605 550 totis

317 564 375 595 tibi
399 574 485 596 nunc
508 565 664 597 adsistere
689 566 788 607 votis;

271 611 400 643 Plebem
426 620 495 643 cum
522 612 606 644 clero

318 658 378 690 duc
403 658 450 690 sic
472 659 687 692 moderamine
711 669 796 701 vero,

269 705 316 737 Te
339 706 421 737 duce
447 704 557 739 confisi

319 761 380 792 quo
413 761 511 793 regna
535 756 646 792 petant
668 754 820 794 paradisi.

335 856 396 888 Ad
421 857 686 889 Matutinum.

402 931 615 958 Invitatorium.

271 989 390 1027 Regem
414 987 587 1030 laudemus,

316 1035 422 1066 mitem
432 1043 524 1075 quem
530 1034 820 1076 semperhabemus‚

268 1082 385 1114 Felicis
412 1090 538 1113 cursum

317 1129 370 1168 qui
388 1129 478 1161 duxit
494 1129 535 1160 ad
548 1129 678 1162 aethera
688 1138 821 1162 sursum.

329 1232 373 1263 In
401 1233 430 1265 1.
457 1231 687 1265 Nocturno.

414 1306 608 1342 Antiphonae.

237 1391 244 1398 .
270 1364 347 1397 Fuit
373 1364 425 1397 vir
449 1365 511 1396 iste
535 1364 645 1395 beatus

270 1413 300 1444 A
326 1411 451 1443 Christo
477 1411 608 1442 multum
633 1413 764 1450 amatus,

273 1458 444 1491 Consilium
470 1458 637 1498 impiorum

272 1506 431 1546 spernens
457 1509 489 1537 et
511 1505 574 1536 iter
597 1513 776 1545 pravorum.

236 1588 243 1595 .
271 1562 348 1595 Cum
374 1561 610 1594 infremuissent
628 1563 736 1602 gentes

271 1609 390 1643 Christi
414 1618 539 1641 servum
564 1609 774 1649 insequentes,

269 1659 416 1689 Araneae
439 1656 502 1689 fuit
521 1657 588 1688 tela

268 1704 322 1737 Illi
347 1707 470 1736 scutum
495 1707 526 1735 et
550 1704 660 1736 tutela.

211 1763 241 1796 ‘.
265 1761 380 1793 Licent
403 1761 468 1792 sint
491 1759 694 1800 multiplicati

267 1809 384 1841 Hostes
409 1808 502 1848 hujus
526 1807 595 1839 Deo
622 1807 699 1848 dati,

269 1856 323 1889 Ad
347 1855 517 1888 Dominum
537 1863 607 1886 cum
633 1855 790 1896 clamavit,

268 1903 359 1938 Salus
385 1904 452 1943 ejus
476 1904 561 1935 hunc
584 1902 729 1936 salvavit.

405 1970 612 2005 Responsoria.

237 2055 243 2061 .
271 2028 423 2061 Gaudens
446 2028 479 2059 in
504 2025 597 2067 festo,

316 2075 372 2115 pia
394 2074 498 2114 plebs,
523 2073 641 2105 Felicis
667 2073 789 2114 adesto,

266 2123 391 2156 Gaudia
417 2122 479 2154 duc
502 2123 607 2152 mente

315 2173 403 2201 tanto
425 2172 554 2209 pastore
577 2171 695 2210 tuente,

266 2219 349 2251 Nam
374 2216 495 2257 poteris
519 2214 615 2247 facile

315 2265 452 2297 saeclum
479 2267 555 2295 tunc
571 2270 723 2303 spernere
741 2262 822 2304 vile;

200 2314 238 2349 V.
269 2314 365 2346 Hunc
389 2312 468 2344 satis
494 2319 599 2353 exora,

313 2369 372 2400 per
397 2369 467 2391 eum
494 2361 606 2390 cuncta
632 2357 774 2390 meliora.

891 294 922 328 2.
947 293 1041 325 Hunc
1063 294 1154 332 pater
1178 295 1214 324 ut
1237 301 1357 324 morum

878 574 915 608 V.

890 697 922 729 3.

882 978 915 1011 V.

993 341 1122 380 plenum
1135 340 1225 372 videt
1232 341 1327 379 atque
1333 339 1497 378 bonorum,

949 386 1127 419 Haeredem
1153 395 1259 418 carum

991 443 1096 466 rerum
1120 433 1198 465 facit
1222 441 1291 465 esse
1314 441 1451 471 suarum,

948 481 1030 520 Quas
1054 481 1234 520 impertitur

997 527 1097 567 fratri,
1125 531 1218 567 pater
1241 529 1278 558 ut
1301 527 1469 568 sepelitur-3

948 575 1077 614 Sprevit
1100 583 1175 614 opes
1200 574 1309 606 mundi

996 621 1086 662 pueri
1110 630 1197 654 mens
1223 621 1341 653 coelica
1364 620 1484 652 mundi.

947 696 1068 728 Doctus
1093 697 1252 736 scriptura

995 743 1088 775 Felix
1112 744 1219 775 mundi
1244 744 1386 782 peritura

949 790 1102 831 Despicit,
1127 791 1160 822 in
1186 790 1279 823 caelis

994 846 1081 877 spem
1107 838 1188 869 votis
1213 837 1304 877 ponit
1326 836 1458 879 anhelis,

945 884 1105 916 Maximus
1131 884 1206 916 hinc
1230 884 1334 915 animo

995 931 1122 971 praesul
1156 932 1331 971 congaudet
1355 930 1394 962 ab
1418 930 1500 971 im03

946 978 1119 1016 Presbyter
1142 978 1194 1009 hic
1218 977 1321 1009 factus

992 1027 1117 1056 sanctos
1141 1024 1285 1056 firmatur
1309 1025 1340 1056 in
1368 1028 1467 1056 actae.

1008 1166 1054 1198 In
1081 1167 1113 1198 2.
1139 1164 1369 1197 Nocturno.

1095 1249 1289 1284 Antiphonae.

917 1343 924 1349 .
950 1317 1098 1349 Sanctum
1123 1317 1207 1348 hunc
1230 1315 1428 1348 mirificatum

950 1363 1070 1396 Scimus
1095 1366 1189 1403 atque
1215 1365 1395 1395 decoratum

949 1412 979 1442 A
1003 1411 1082 1449 Deo,
1109 1419 1176 1441 cum
1205 1412 1244 1442 de
1270 1418 1397 1442 carcere

950 1457 1071 1490 Eduxit
1096 1466 1166 1488 eum
1191 1458 1301 1490 libere.

919 1548 926 1556 .
951 1523 1049 1555 Mane
1073 1522 1207 1555 Domino
1232 1523 1381 1555 adstabat

950 1570 1042 1602 Felix
1068 1570 1129 1601 iste
1154 1574 1186 1601 et
1209 1570 1331 1610 orabat,

950 1617 1046 1657 Cujus
1074 1626 1132 1649 vox
1157 1622 1206 1649 est
1232 1618 1380 1649 exaudita

950 1664 1013 1696 Pro
1038 1664 1132 1705 plebe
1157 1665 1219 1696 sibi
1244 1664 1381 1696 subdita.

949 1731 1100 1764 Mirabile
1123 1740 1235 1763 nomen
1263 1729 1380 1762 Christi

950 1778 1180 1818 Comprobatur
1203 1781 1312 1811 sancto
1336 1779 1400 1818 isti,

948 1826 1044 1865 Quem
1071 1826 1207 1857 carceris
1233 1825 1274 1857 de
1298 1824 1419 1857 foribus

951 1873 1074 1905 Eduxit
1099 1873 1179 1905 clam
1206 1873 1398 1907 custodibus.

1092 1958 1297 1993 Responsoria.

918 2053 924 2059 .
949 2026 1041 2059 Urbe
1065 2025 1212 2057 Nolanae

999 2073 1091 2105 Felix
1117 2081 1180 2104 non
1203 2071 1284 2105 vixit
1307 2072 1411 2113 inane,

952 2120 1026 2161 Sed,
1053 2128 1146 2159 quem
1172 2119 1293 2159 dilexit,

1000 2167 1151 2208 populum
1168 2166 1226 2198 sub
1245 2167 1393 2206 praeside
1410 2168 1502 2210 rexit,

952 2215 1013 2254 Qui
1035 2214 1124 2247 senio
1148 2212 1271 2246 fractus

1001 2261 1110 2294 felices
1136 2264 1278 2301 gesserat
1302 2264 1401 2303 aetus,

951 2309 995 2341 Et
1020 2309 1093 2350 quia
1115 2312 1210 2349 turpe
1234 2307 1313 2341 furit

1000 2356 1084 2389 mala
1101 2365 1186 2399 gens,
1208 2358 1296 2389 illum
1314 2360 1414 2389 metus
1431 2357 1507 2390 urit.
