1650 2587
670 125 929 159 -126—

150 224 190 257 V.
266 224 404 255 Vocatus
430 222 470 254 de
495 222 629 262 ealigine
841 223 872 254 3.
897 220 936 252 In
958 223 1064 252 aetate
1086 220 1193 252 media

222 271 276 303 Ad
301 270 425 302 excelsa
450 269 586 309 deitatis,
942 267 1032 299 Duce
1057 267 1165 299 divina
1188 266 1290 307 gratia

221 318 346 349 Haustu
368 326 468 357 purae
491 316 633 349 veritatis
897 315 1037 356 Virginis
1060 314 1215 353 pudicitia

263 364 384 397 Lumen
410 364 510 396 cernit
532 364 565 395 in
589 363 717 395 lumine.
944 361 1137 394 Coruscavit.

167 423 196 454 3.
222 421 316 461 Regis
341 421 454 452 summi
477 420 620 460 potentia
840 420 872 451 4.
897 419 936 451 In
960 419 1046 450 vitae
1068 426 1201 458 vespere

224 469 274 500 De
297 468 398 508 stirpe
423 468 513 500 dedit
535 467 623 506 regia
897 466 1014 498 Plenus
1041 465 1147 497 divino
1172 473 1301 496 munere

270 515 403 547 Beatum
426 514 631 552 Ludovieum,
944 512 1122 552 Requievit.

225 562 283 600 Qum
307 570 431 594 sumens
455 562 540 593 Vitae
558 561 716 614 ἵΓῖξῑῑ-ῙΊΠΘῙΠ
842 571 873 602 5.
900 568 1000 601 Stella
1022 568 1119 600 maris
1144 568 1228 600 hunc
1250 568 1400 608 servavit,

224 609 330 640 Habet
352 609 533 648 magistrum
558 608 689 638 mllltem
901 616 996 655 Cujus
1021 616 1133 647 callem
1156 615 1341 646 subsecutus

272 655 455 688 sanctitatis
480 655 631 693 amissfflss3
899 664 1088 702 incorrupte
1110 663 1301 696 terminavit.

155 703 193 736 V.
220 704 369 735 Sanctum
392 701 471 743 fore,
496 702 663 741 pineludia
1180 738 1186 743 Ι

223 749 413 789 Monstrant,
440 749 512 780 dum
537 752 625 781 tenet
642 748 774 780 limitem
1013 737 1060 764 Ad
1078 737 1262 764 Benedmtus.

271 796 428 828 Humilem
453 799 486 827 et
509 796 667 836 pudicum.
832 796 874 827 A.
905 795 989 827 Dum
1012 795 1139 834 leproso
1166 794 1366 826 ministrabat

947 842 1057 874 Subito
1084 842 1249 883 disparuit,

900 889 944 921 Et
968 890 1015 920 sie
1039 888 1181 921 Christus
1207 888 1402 930 ostendebat,

312 919 359 951 In
382 918 617 951 Laudibus.
949 935 1006 968 Cui
1028 944 1063 967 se
1088 935 1238 968 exhjbuit,

367 983 561 1018 Antiphonae.

171 1041 204 1072 1.
229 1040 323 1078 Quasi
347 1041 439 1071 stella
462 1040 616 1071 matutina
972 1029 1020 1061 In
1046 1031 1076 1061 2·
1102 1029 1316 1068 VeSPssl‘iS-

277 1086 455 1118 Ludovicus
477 1087 599 1127 claruit,
1019 1093 1065 1120 Ad
1083 1093 1261 1129 Mag-nificat.

229 1133 433 1186 Cujustvitae
457 1133 625 1172 disciplina
661 1181 666 1182 ⁷
830 1151 871 1183 A·
902 1151 925 1183 Ο
950 1151 1056 1190 Proles
1081 1150 1249 1190 Ungariae,

275 1180 360 1211 Hulc
383 1180 498 1211 mundo
523 1180 692 1219 splendult.
949 1197 1054 1229 Decus
1078 1198 1243 1237 aquilonis,

172 1247 203 1277 2.
226 1246 264 1277 In
289 1254 403 1277 aurora
426 1254 501 1277 suae
525 1246 609 1276 vitae
900 1244 1063 1275 Ludoviee
1085 1253 1185 1283 sacer,

276 1292 480 1323 Sanctitatem
502 1292 739 1332 praetendebat,
947 1292 1025 1323 Tuis
1049 1291 1224 1331 praeclaris
1249 1291 1339 1322 donis

229 1338 287 1377 Qui
312 1341 446 1370 aetatem
470 1339 662 1378 primitivam
904 1337 967 1369 Sub
995 1339 1123 1369 coelesti
1147 1338 1326 1369 hierarchia

272 1385 420 1417 Bonitate
443 1386 696 1419 transcendebat.
951 1384 1090 1416 Mirifice
1111 1386 1300 1417 illustratur.

233 1451 315 1478 Brev.
328 1451 514 1478 Massiliense
532 1452 601 1486 imp.
615 1451 751 1486 Lugduni
773 1447 853 1477 1530.
874 1465 909 1469 —
928 1450 965 1476 Iu
985 1448 1011 1476 2.
1026 1451 1113 1485 Vesp.
1135 1450 1172 1477 ad
1184 1450 1281 1486 Magn.
1302 1448 1333 1483 Α,
1353 1449 1370 1477 6
1384 1450 1452 1477 lies:

157 1487 281 1515 Mirifice
298 1488 470 1515 illustraris?

604 1578 651 1608 47.
690 1578 734 1608 De
754 1579 859 1608 sancto
879 1577 1001 1616 Haj0lo.

294 1648 341 1679 In
367 1648 397 1679 1.
423 1647 638 1686 Vesperis.
962 1648 1008 1679 In
1034 1647 1065 1680 1.
1091 1646 1321 1681 Nocturuo.

346 1711 392 1738 Ad
410 1710 587 1746 Magfljfissa‘ss
1044 1720 1238 1756 Antiphonae.

158 1770 198 1801 A.
231 1769 255 1801 O
280 1768 409 1808 Majole,
434 1771 546 1807 potens

278 1814 394 1847 Christi
427 1814 587 1846 confessor
612 1818 644 1845 et
667 1814 775 1854 abbas,

229 1862 288 1902 Qui
311 1862 417 1893 natale
439 1864 526 1893 tuum

277 1909 416 1949 gaudent
429 1909 589 1940 celebrare
601 1908 776 1948 quotannis,

230 1956 277 1987 Te
302 1956 381 1987 duce
403 1958 576 1995 perpetuae

278 2003 405 2042 capiant
427 2003 511 2034 bona
533 2002 649 2042 gaudia
671 2002 764 2035 vitae.
847 2004 878 2035 2.
903 2003 966 2035 Hic
988 2004 1172 2036 Arvernieis
1196 2005 1329 2037 honeste

946 2051 1096 2083 educatus
1121 2053 1248 2092 oppidis

846 1787 876 1820 1.
902 1787 960 1818 Vir
985 1787 1068 1819 vitae
1090 1788 1281 1820 venerabilis

902 1834 979 1865 Fuit
1001 1834 1069 1866 'Deo
1094 1835 1249 1875 amabilis,

905 1881 1056 1920 Majolus,
1082 1891 1193 1922 magno
1220 1883 1337 1915 Christi

905 1928 1078 1960 Salvatoris
1102 1938 1241 1962 munere.

292 2097 353 2129 Ad
382 2096 495 2129 Μαῖα
505 2096 644 2128 tinum.
904 2097 985 2129 Tum
1009 2098 1129 2137 pietate
1150 2102 1218 2131 tum
1241 2108 1357 2139 genere

361 2162 575 2189 Invitatorium.
952 2145 1052 2176 nobili
1078 2146 1282 2179 clarescebat.

230 2219 380 2259 AlleluJa,
406 2228 513 2251 veram
851 2221 882 2252 3.
908 2221 967 2259 Qui
992 2229 1087 2252 verae
1110 2222 1184 2253 vitis
1209 2221 1373 2261 palmitem

231 2267 270 2299 In
294 2266 413 2306 Majolo
434 2267 532 2298 vitam
906 2267 953 2299 Ut
976 2276 1011 2298 se
1034 2268 1185 2307 probaret
1207 2267 1356 2306 fertilem,

232 2313 411 2345 Laudemus
436 2316 468 2344 et
492 2313 660 2352 Christum,
907 2313 1003 2345 Nullo
1028 2316 1146 2346 sterilis
1170 2319 1312 2354 tempore

233 2361 356 2400 Venite,
382 2361 559 2393 adoremus.
907 2360 1060 2393 Fructum
1083 2363 1158 2394 tulit
1177 2362 1346 2395 uberrime.
