1651 2588
746 82 1004 118 —158-

1094 177 1140 204 Ad
1158 177 1342 205 Benedictus.

905 236 944 270 A,
972 234 1101 267 Transit
1123 242 1245 275 pauper

229 182 266 214 V.
295 181 411 213 Devoti
436 180 575 222 religiosi

300 228 446 260 Sanctum
472 227 648 267 suscipiunt
671 225 794 269 abbam,

303 275 478 315 Participes
502 277 576 307 sunt
597 273 712 313 meriti,

300 322 373 355 Una
397 325 512 355 ornant
535 322 709 354 ecclesiam.

266 414 274 423 .
300 388 399 420 Matri
421 388 537 420 viduae
561 386 661 419 filium

299 435 420 467 Reddit
443 435 548 467 vivum
572 443 610 466 ex
634 433 776 474 mortuis,

301 482 434 513 Luctum
459 483 600 522 sequitur
627 480 784 521 gaudium,

301 529 520 568 Spectaculum
546 528 638 560 datur
663 528 791 568 cunctis,

259 601 268 609 .
299 576 439 608 Gemitus
465 578 497 607 et
521 575 689 614 suspirium

301 624 477 662 Precesque
502 622 607 654 devoti
631 621 731 662 patris

299 669 457 702 Mortuum
483 668 604 701 faciunt
626 670 742 701 vivum.

244 756 250 767 .
267 760 275 768 .
300 736 398 768 Juxta
416 734 557 774 lapidem
581 734 701 773 positus

299 782 475 814 Martianus
501 781 683 821 exspiravit,

301 829 352 861 Ab
377 829 496 868 angelis
521 829 655 861 sociatus

302 875 410 908 Coelos
435 875 544 908 beatus
571 875 770 914 conscendit3

261 948 268 954 .
299 923 366 954 Hos
387 924 478 963 juvet
501 923 565 954 suis
590 921 747 961 precibus,

301 969 383 1007 Quos
413 970 538 1009 sanguis
565 968 683 1000 Christi
704 967 848 1007 redemit,

300 1016 344 1047 Et
368 1017 463 1048 ducat
484 1017 518 1047 in
544 1016 740 1053 coelestibus,

302 1062 383 1100 Quos
407 1061 487 1095 fides
513 1067 544 1094 et
567 1071 655 1093 amor
675 1062 790 1101 junxit.

393 1203 409 1235 Ι
417 1211 438 1234 n
457 1202 485 1234 L
494 1211 513 1233 a
522 1212 543 1233 u
553 1201 591 1232 di
601 1202 619 1233 b
630 1212 651 1233 u
659 1212 684 1236 S.

442 1285 635 1321 Antiphonae.

269 1387 276 1394 .
302 1361 455 1393 Dominus
478 1361 512 1392 in
535 1361 694 1393 Martiano

304 1408 459 1448 Regnavit
482 1409 594 1447 plenus
620 1408 741 1447 decore,

304 1455 397 1487 Hunc
420 1455 557 1495 proterit
579 1453 732 1486 fortitudo

303 1501 521 1533 Praecinctum
544 1501 643 1533 multa
662 1501 788 1533 virtute.

268 1592 276 1600 .
303 1567 442 1600 Jubilate
466 1566 544 1607 Deo,
572 1567 664 1608 cives,

301 1614 339 1645 In
363 1614 487 1654 gaudio,
515 1611 643 1655 [omnis]
668 1615 763 1653 terra,

302 1661 459 1699 Aptenses
485 1662 516 1691 et
539 1660 700 1698 Santones,

303 1706 426 1738 Servite
448 1706 481 1737 in
505 1706 608 1738 laetia.

269 1799 276 1806 .
301 1771 397 1814 Deus,
422 1771 497 1803 vide
519 1771 687 1811 miseriam,

303 1818 399 1862 Deus,
426 1818 479 1857 qui
505 1826 594 1850 curas
617 1818 737 1857 sedulo,

302 1866 449 1897 Animam
472 1866 547 1897 vide
569 1865 726 1904 miseram,

301 1913 354 1944 Ad
377 1915 411 1944 te
437 1912 477 1943 de
498 1913 571 1944 luce
594 1912 700 1952 vigilo.

272 2004 278 2010 .
305 1978 488 2011 Benedicite
511 1978 656 2018 Domino,

302 2025 453 2058 Martiani
477 2024 629 2057 miracula

303 2072 397 2104 Hunc
422 2072 539 2104 clarum
565 2070 686 2103 faciunt
709 2071 825 2103 mundo

306 2120 369 2151 Per
392 2118 517 2151 infinita
541 2119 675 2151 saecula.

248 2188 277 2217 Υ.
303 2184 457 2226 Laudate,
485 2186 563 2217 coeli
589 2188 621 2215 et
643 2187 738 2224 terra,

302 2232 481 2271 Dominum,
507 2233 541 2264 in
565 2232 629 2263 suis
655 2231 771 2263 sanctis

303 2279 361 2318 Qui
385 2279 463 2311 facit
486 2279 652 2322 mirabilia,

305 2326 373 2358 Hos
399 2335 550 2360 coronans
574 2327 607 2358 in
633 2326 774 2359 excelsis

1022 283 1063 314 ad
1089 282 1177 321 regni
1201 281 1323 321 solium,

976 329 1049 361 Dux
1074 329 1115 360 ad
1138 331 1306 368 sceptrum,

1022 377 1124 408 victor
1148 376 1189 408 ad
1210 376 1395 417 praemium,

976 424 1064 456 Mors
1088 423 1119 454 in
1149 423 1254 464 vitam,

1021 471 1113 502 labor
1131 470 1164 502 in
1190 470 1297 509 otium,

975 518 1129 549 Praesens
1156 516 1240 549 cedit

1021 565 1123 596 luctus
1147 565 1180 597 in
1205 564 1362 603 gaudium.

1045 650 1092 682 In
1118 647 1384 687 2.Ves1>e1·is.

1117 713 1311 749 Antiphonae.

945 787 952 795 .
979 763 1156 794 Martianus
1180 761 1331 801 puerulus

977 809 1058 841 Erat
1083 808 1215 840 decorus
1240 808 1331 848 facie,

980 855 1143 888 Pulchrior
1165 856 1236 895 ipse
1259 854 1399 887 moribus

978 902 1157 942 Grataeque
1182 902 1387 941 eloquentiae.

947 986 952 991 .
979 960 1132 991 Parentes
1156 958 1247 998 prole
1271 960 1414 990 carentes

976 1004 1113 1037 Puerum
1137 1005 1220 1037 hunc
1243 1005 1455 1044 impetrarunt

977 1053 1008 1084 A
1032 1052 1166 1084 Domino
1190 1052 1396 1091 postulantes,

975 1099 1068 1130 Hunc
1091 1099 1230 1130 moribus
1255 1099 1483 1130 instruxerunt.

944 1179 951 1188 .
977 1154 1180 1186 Documentis
1205 1154 1320 1186 artium

976 1201 1130 1233 Eruditus
1156 1201 1273 1233 sanctis

974 1248 1117 1280 Transiit
1136 1248 1179 1280 ad
1202 1248 1341 1280 studium

978 1294 1123 1326 Summae
1147 1295 1298 1326 veritatis.

944 1379 950 1385 .
976 1350 1140 1383 Ecclesiae
1164 1350 1386 1390 frequentabat

975 1397 1099 1430 Devote
1122 1406 1213 1429 sacra
1236 1397 1348 1430 limina

975 1444 1165 1483 Pectorique
1188 1445 1384 1477 recondebat

974 1491 1049 1530 Ipse
1072 1492 1222 1523 mandata
1247 1492 1362 1524 divina.

944 1573 951 1580 .
978 1546 1163 1579 Sanctorum
1185 1547 1369 1579 imitabatur

978 1593 1132 1625 Continue
1158 1594 1296 1633 vestigia,

974 1640 1098 1672 Devote
1121 1641 1392 1680 contemplabatur

980 1686 1118 1719 Aeterna
1141 1689 1219 1719 coeli
1243 1688 1366 1727 gaudia.

939 1770 946 1776 .
974 1743 1029 1775 Ad
1053 1743 1135 1775 ovile
1159 1744 1271 1776 summi
1295 1744 1379 1785 regis

977 1789 1045 1821 Nos
1070 1798 1193 1831 revoca,
1222 1791 1334 1823 ductor
1356 1793 1472 1833 gregis,

977 1837 1145 1878 Martiane,
1172 1836 1386 1870 confessorum

978 1884 1123 1924 Consors,
1148 1888 1241 1925 pater
1264 1886 1498 1928 monachorum,

939 1954 946 1961 .
977 1930 1021 1962 Et
1046 1931 1146 1971 dirige
1169 1941 1228 1972 per
1252 1934 1389 1973 semitas,

978 1977 1095 2016 Quibus
1120 1979 1246 2011 videtur
1269 1981 1398 2013 veritas.

1098 2043 1144 2071 Ad
1161 2044 1340 2081 Magnificat.

942 2118 949 2124 .
981 2091 1005 2123 O
1031 2092 1192 2131 speculum
1215 2093 1399 2134 munditiae,

981 2138 1091 2171 Carnis
1117 2147 1225 2171 carens
1250 2141 1413 2181 spurcitia,

980 2185 1068 2217 Tuae
1093 2186 1231 2218 colentes
1254 2187 1351 2218 hodie

981 2232 1180 2272 Migrationis
1205 2234 1321 2274 gaudia

982 2278 1137 2312 Transfer
1162 2281 1204 2313 ad
1227 2289 1355 2321 regnum
1381 2281 1501 2320 gloriae

982 2327 1060 2359 Post
1083 2328 1178 2368 hujus
1203 2327 1288 2362 vitae
1311 2327 1424 2362 stadia.
