1650 2587
736 111 780 116 ..-
830 91 970 126 87...

956 187 1139 219 Immortale
1165 187 1260 218 decus

1004 242 1074 266 cum
1091 234 1216 267 Christo
1240 242 1365 273 semper
1387 233 1506 274 adepti.

275 188 337 219 Pro
363 186 489 219 Christo
514 186 632 218 imania

272 234 478 267 Pertulerunt
500 236 666 266 tormenta.

274 282 318 314 Et
340 281 413 313 ideo
439 281 607 322 percipere

274 331 458 360 meruerunt
481 327 773 361 immarcessibilem

275 377 423 408 aeternae
448 376 568 416 gloriae
594 384 740 407 coronam

203 424 240 456 V.
274 423 436 463 Despecta
458 432 595 463 namque
619 431 746 455 suorum

276 479 442 510 corporum
468 471 609 502 cruciatu

275 517 474 551 Saevientcm
499 518 650 550 mundum

318 564 378 597 Dei
402 573 460 604 pro
485 574 592 598 amore
615 565 768 598 vicerunt.

1090 308 1296 345 Responsoria.

898 367 928 400 1.
958 366 1073 399 Sancto
1100 366 1216 398 etenim
1240 366 1372 398 Aurelio

999 415 1157 446 ostensum
1165 416 1213 445 est
1220 422 1341 446 necnon
1347 413 1503 454 Nataliae‚

957 460 1047 500 Quod
1071 464 1222 493 venturus
1249 463 1318 492 erat

1002 509 1149 548 martyrii
1174 508 1277 540 socius

955 555 1015 594 Qui
1039 553 1143 587 fuerat
1168 555 1274 595 levita,

1004 601 1158 642 Georgius
1183 611 1203 634 a
1225 604 1319 641 patre
1344 602 1458 642 dictus,

957 648 1153 688 Condignum
1176 649 1297 681 meritis

1000 703 1113 728 nomen
1137 696 1257 728 habens
1282 695 1437 730 monachi.

884 743 923 777 V.
956 742 1020 775 Hic
1043 743 1145 775 socios
1170 752 1266 783 saepe

1001 789 1145 822 hortatur
1153 793 1352 822 contemnere
1357 791 1507 823 mundum

958 836 1201 877 Gaudentesque
1225 837 1319 869 simul

1001 885 1189 924 martyrium
1214 883 1383 923 accipiunt.

348 696 394 728 In
420 700 451 731 3.
478 697 711 729 Nocturno.

419 772 464 799 Ad
486 771 615 799 Cantica.

205 841 244 872 A.
271 839 355 872 Justi
380 838 546 880 fulgebunt

322 889 359 918 ut
382 887 430 918 sol
454 886 488 917 in
512 894 608 925 regno
633 885 788 925 polorum,

280 950 363 979 Brev.
388 960 440 979 ms.
467 951 496 979 S.
521 950 658 978 Germani
683 957 702 975 a
720 948 818 976 Pratis
846 957 919 976 saec.
942 947 985 977 14.
1019 948 1087 976 Cod.
1109 950 1250 977 Parisien.
1279 947 1384 977 13239.
1413 966 1416 968 -
1440 965 1446 966 ff
1471 949 1508 976 In

201 989 227 1017 2.
249 991 334 1018 Noct.
357 987 377 1015 R
398 986 416 1016 3
436 988 495 1016 und
514 987 533 1015 4
553 986 715 1024 prosaisch3
735 994 794 1014 von
814 984 832 1013 2
853 984 872 1012 R
894 987 944 1014 der
962 987 1070 1014 ietzten
1091 987 1227 1015 Nokturn
1247 995 1285 1014 an
1304 986 1431 1013 vorlziuft
1453 986 1505 1013 (las

200 1036 293 1064 ganze
306 1026 440 1055 Officium
460 1025 619 1062 prosaisch.
652 1023 693 1051 Es
714 1024 792 1051 steht
804 1024 893 1051 daher
906 1033 943 1051 zu
956 1025 1115 1058 vermuten,
1137 1024 1199 1052 dass
1214 1024 1347 1052 dasselbe
1363 1023 1445 1051 nicht
1460 1033 1507 1050 ur—

200 1065 369 1102 spriinglich
389 1063 568 1092 monastisch
588 1069 722 1099 gewesen
741 1062 788 1088 ist.

569 1152 609 1185 31.
648 1153 684 1184 In
703 1151 922 1184 Translatione
941 1159 966 1183 s.
988 1151 1131 1183 Gerardi.

340 1225 388 1257 In
416 1225 446 1259 1.
472 1223 685 1263 Vesperis.

394 1290 439 1318 Ad
457 1288 635 1326 Mag-nificat.

201 1350 241 1381 A.
267 1349 348 1391 Ave,
375 1350 485 1387 pastor
510 1347 644 1387 egregie,

275 1394 453 1435 Gerharde,
479 1394 607 1434 praesul
631 1393 751 1434 inclite,

271 1441 409 1475 Coelesti
432 1441 510 1473 felix
535 1440 635 1481 gloria

273 1489 373 1521 Nobis
398 1488 517 1527 praebe
541 1486 698 1528 suffragia,

273 1536 318 1569 Ut
342 1535 404 1567 tuis
429 1535 502 1567 fulti
526 1534 648 1566 meritis

272 1583 390 1616 Solutis
415 1582 525 1614 mortis
549 1581 670 1620 laqueis

270 1629 388 1663 Christi
413 1629 539 1662 favente
564 1628 667 1668 gratia

270 1677 341 1710 Poli
365 1677 554 1709 scandamus
579 1684 704 1715 supera.

199 1736 238 1768 R.
265 1735 290 1768 Ο
315 1736 436 1776 pastor,
463 1732 611 1773 proprios

320 1780 431 1813 refove
455 1781 622 1812 miseratus
646 1779 799 1819 alumnoS‚

271 1831 300 1862 A
325 1828 481 1861 scelerum
504 1836 588 1860 nexu

319 1876 465 1908 clementi
485 1875 574 1908 solve
595 1875 739 1914 precatu,

270 1924 319 1957 Sit
342 1931 400 1963 per
426 1926 457 1955 te
480 1922 571 1955 nobis

316 1971 437 2003 aeterni
462 1970 563 2011 gloria
588 1968 686 2009 regni.

330 2084 393 2117 Ad
417 2083 683 2117 Matutinum‚

400 2149 617 2177 Invitatorium.

268 2210 442 2242 Aeternum
466 2215 573 2247 regem
597 2206 767 2239 Dominum

269 2257 395 2290 Adoret
418 2254 510 2296 plebs
535 2253 687 2295 fidelium,

267 2303 457 2342 Gerardum,
473 2305 617 2334 sanctum
630 2303 821 2342 praesulem,

266 2352 326 2393 Qui
352 2351 408 2384 dat
431 2350 511 2383 coeli
534 2350 734 2391 participem.

1016 1221 1061 1253 In
1088 1222 1118 1255 1.
1146 1222 1376 1254 Nocturno.

1095 1286 1289 1322 Antiphonae.

898 1345 929 1378 1.
956 1344 1051 1377 Clara
1073 1347 1165 1376 natus
1190 1344 1341 1384 prosapia

955 1390 1127 1432 everardus,
1155 1391 1272 1423 Christi
1296 1391 1410 1430 hostia,

954 1438 1006 1470 Ab
1031 1439 1121 1470 annis
1146 1437 1321 1478 puerilibus

953 1486 1008 1517 Fit
1032 1486 1184 1525 templum
1209 1485 1310 1516 sancti
1335 1484 1475 1524 spiritus.

895 1545 926 1575 2,
950 1542 1014 1574 Hic
1038 1541 1126 1573 velut
1147 1544 1266 1573 sertum
1291 1540 1423 1573 floribus

954 1589 1059 1621 Sacris
1086 1592 1228 1629 comptus
1253 1588 1423 1621 virtutibus

952 1636 1006 1668 Ad.
1029 1635 1151 1668 nullum
1175 1637 1285 1668 mundi
1309 1636 1420 1668 vitium

952 1684 1043 1716 Pium
1067 1681 1216 1717 flectebat
1239 1683 1385 1716 animum.

919 1767 925 1773 .
952 1740 1080 1772 Timore
1104 1740 1216 1780 plenus
1235 1739 1365 1772 Domini

952 1787 1006 1819 Sic
1030 1790 1159 1820 sanctae
1183 1787 1268 1820 vitae
1292 1787 1423 1827 studuit,

953 1835 998 1867 Ut
1022 1833 1106 1867 foret
1128 1835 1241 1875 dignus
1268 1834 1404 1866 culmine

950 1880 1146 1916 Pontificalis
1170 1882 1301 1922 gratiae.

1086 1957 1294 1992 Responsoria.

917 2041 924 2049 .
951 2015 1031 2056 Spes
1058 2015 1173 2047 crescit
1196 2015 1300 2055 plebis

997 2062 1150 2095 solemnia
1173 2071 1266 2095 sacra
1291 2062 1422 2094 colentis

950 2109 1110 2143 Praesulis
1137 2109 1244 2141 eximii

998 2157 1199 2197 splendentia
1222 2157 1317 2190 laude
1344 2156 1490 2198 Gerardi,

953 2205 1049 2245 CuJ'us
1074 2205 1141 2237 vita
1163 2203 1225 2237 fuit

997 2251 1086 2284 miris
1110 2251 1323 2284 memorabilis
1347 2252 1445 2293 actis3

880 2302 919 2335 V.
949 2299 1094 2333 Moribus
1120 2303 1151 2332 et
1176 2298 1270 2332 factis

996 2346 1102 2381 verbis
1127 2348 1221 2380 simul
1245 2348 1346 2380 ardua
1369 2348 1477 2388 gessit.
