1651 2588
716 96 973 131 —258—

890 191 921 222 5.
947 188 1115 229 Psakorio,
1142 187 1280 224 chordis,

202 195 242 227 V.
274 194 332 232 Qui
356 193 490 225 mundus
514 193 635 230 aderat,

993 234 1115 265 cithara
1139 242 1209 265 cum
1234 232 1373 264 eur-mine
1389 231 1494 262 eoi-dis

320 239 373 271 Sic
395 239 544 271 mundum
572 238 697 277 deserit,

274 286 326 317 Ad
353 286 455 318 coelos
478 287 638 326 properat,

315 332 398 370 Quos
421 331 511 363 Deus
533 331 637 370 aperit

270 378 324 419 Et,
351 387 442 418 quam
463 380 637 417 optaverat,

315 425 454 457 Gloriam
480 424 609 464 reperit.

366 564 410 596 In
435 562 658 595 Laudibus.

410 645 602 681 Antiphonae.

237 740 243 746 .
270 712 403 744 Sanctus
427 712 579 751 regnavit,

320 759 425 790 sedem
451 758 512 789 sibi
531 766 664 797 namque
681 758 815 800 paravit,

270 805 412 836 Moribus
436 805 575 843 indutus,

315 852 484 884 Dominum
492 860 587 890 super
596 854 683 883 astra
691 854 816 883 secutus

364 898 530 930 Turianus.

211 970 241 996 ⁶.
267 963 383 996 Laetus
408 964 538 995 servivit

315 1010 458 1049 Domino,
484 1009 620 1042 feliciter
643 1011 711 1052 ivit,

266 1057 403 1089 Poscens
430 1065 497 1087 cum
523 1057 619 1088 melos

312 1106 344 1134 et
368 1112 473 1135 eorum
497 1103 612 1143 gaudia
637 1104 739 1135 coelos

359 1150 525 1182 Turianus.

235 1240 241 1246 .
267 1214 331 1247 Hie
354 1215 521 1247 salvatoris

316 1270 434 1294 memor
451 1260 554 1293 adfuit
566 1262 708 1294 omnibus
722 1262 817 1302 horis,

263 1307 304 1340 Et
330 1311 422 1347 pater
446 1308 575 1349 audivit,

317 1355 391 1394 quia,
415 1354 572 1386 Christum
598 1356 692 1387 corde
716 1354 816 1386 sitivit

363 1401 527 1433 Turianus.

234 1492 240 1498 .
270 1464 371 1497 Corde
396 1468 568 1497 creatorem

313 1512 502 1544 benedicens
526 1516 620 1553 atque
645 1515 759 1551 creata,

270 1558 372 1590 Sentit
397 1559 555 1591 dulcorem

315 1606 393 1637 coeli
417 1605 478 1637 sibi
502 1606 578 1637 sede
601 1608 713 1644 parata

360 1652 526 1683 Tucianus.

944 282 1063 320 Regem
1085 280 1235 322 laudavit,

997 323 1200 370 [Dominum],
1213 326 1266 365 qui
1280 328 1391 356 cuneta
1405 333 1491 357 erea-

1271 371 1326 411 vit,

1037 420 1203 452 Turianus.

1057 494 1103 521 Ad
1122 493 1305 520 Benedictus.

906 575 914 583 .
945 551 1065 591 Dignus
1089 550 1258 590 praeconio

942 598 1126 638 Dignusque
1148 598 1288 636 praemio

991 644 1085 676 Vitae
1107 645 1309 686 dignoscitur,

944 691 1095 723 Meldoch
1118 690 1240 723 nefario

942 738 993 770 De
1015 739 1125 770 mortis
1150 738 1255 777 gladio

991 786 1043 818 Ad
1068 786 1164 817 vitam
1191 785 1325 823 ducitur,

944 833 1057 865 Coram
1082 831 1207 871 fastigio

943 879 1070 911 Domini
1095 879 1180 919 regio

990 926 1106 958 Aream
1132 934 1212 966 quae
1237 924 1371 964 vehitur,

943 973 980 1004 In
1004 973 1110 1004 throni
1133 973 1236 1004 medio

943 1019 962 1051 ‚J
966 1028 1050 1050 esum
1075 1020 1107 1050 iu
1128 1019 1206 1050 solio

990 1066 1089 1105 Vidit,
1114 1070 1150 1096 ut
1174 1065 1299 1107 legitur,

1039 1112 1204 1144 Turianus.

1013 1204 1059 1236 Iu
1085 1207 1117 1239 2.
1142 1204 1355 1244 Vesperis.

1057 1270 1103 1297 Ad
1121 1269 1299 1305 Magnificat.

872 1326 913 1359 A.
944 1327 968 1359 Ο
993 1329 1085 1366 pater
1104 1326 1250 1366 Turiane,

993 1373 1093 1405 duleis
1117 1374 1151 1404 in
1175 1374 1335 1411 memoria,

944 1419 1006 1451 Sed
1033 1428 1101 1451 eum
1126 1419 1250 1453 Christo
1273 1420 1338 1459 jam
1362 1420 1495 1458 perenni

991 1467 1112 1498 dulcior
1131 1467 1162 1498 in
1188 1467 1298 1506 gloria,

942 1513 1060 1551 Quibus
1081 1514 1152 1553 ipse
1172 1513 1358 1551 jucundaris

983 1561 1067 1591 inter
1091 1560 1170 1592 coeli
1195 1561 1352 1598 vernulas,

942 1605 1008 1638 Fac
1031 1610 1068 1637 ut
1091 1607 1131 1638 ad
1158 1607 1301 1638 eoelestis
1326 1606 1398 1646 agni

988 1653 1191 1684 admittamur
1216 1654 1335 1693 epulas..

276 1716 358 1742 Brev.
378 1715 506 1743 Dolense
530 1718 597 1750 imp.
618 1716 736 1743 Parisiit
760 1714 840 1744 1519.
871 1731 908 1735 —-
932 1717 967 1744 In
989 1716 1013 1744 1.
1034 1717 1117 1744 Noet.
1141 1717 1162 1743 Α
1184 1716 1210 1750 2,
1236 1715 1253 1745 3
1274 1726 1367 1745 came.
1393 1734 1431 1738 —
1457 1720 1494 1746 In

202 1751 228 1779 2.
242 1754 318 1780 Noet
340 1750 360 1777 R
382 1751 399 1779 2
412 1753 524 1780 enthiilt
538 1753 699 1781 mehrfaehe
712 1753 1027 1790 lVortverstellungen:
1048 1755 1140 1782 Furor
1153 1755 1251 1790 leprae
1264 1756 1381 1792 fugatur
1396 1757 1493 1784 claudi

201 1792 324 1826 surgunt
344 1792 371 1816 nt
389 1791 505 1825 fugiunt
523 1791 601 1818 caeni
620 1793 780 1825 respiciunt
800 1792 871 1819 muti
891 1792 1083 1826 praedicanda
1102 1793 1260 1829 loquuntur
1275 1793 1355 1821 surdi
1370 1795 1493 1821 audiunt

200 1836 276 1855 mors
297 1829 393 1862 stupet
411 1827 523 1855 dolores
544 1826 680 1856 delirium
701 1836 746 1855 res
760 1829 900 1856 miranda.
924 1843 960 1847 -
981 1830 1015 1856 In
1034 1826 1051 1856 3
1074 1830 1158 1857 Noet.
1181 1828 1201 1856 R
1222 1829 1248 1864 ⁴2,
1266 1830 1284 1858 8
1298 1830 1435 1868 Gozogol.
1456 1846 1491 1850 —

200 1863 220 1890 R
241 1863 267 1898 3,
295 1863 312 1891 5
335 1864 485 1892 Coelorum
510 1867 648 1901 reginam.
674 1881 712 1885 ——
736 1866 772 1892 In
797 1864 823 1892 2.
843 1866 929 1901 Vesp.
951 1867 987 1893 ad
1006 1867 1103 1903 Magn.
1132 1867 1163 1901 Α,
1191 1867 1205 1895 1
1226 1869 1299 1896 fehlt
1318 1870 1380 1896 eine
1401 1869 1490 1902 silbe,

198 1902 262 1930 weil
283 1901 412 1930 entlelzmt
431 1910 483 1929 aus
504 1903 567 1930 dem
588 1902 720 1930 Officium
740 1912 762 1930 s.
783 1903 958 1939 Wingaloei.

636 1992 680 2024 98.
719 1992 763 2024 De
782 1994 887 2024 saneto
907 1993 1062 2026 Valerieo.

329 2061 374 2092 In
402 2062 432 2095 1.
459 2061 514 2093 No
527 2064 645 2093 cturn
658 2071 686 2096 o.

409 2117 603 2152 Antiphonae.

213 2163 243 2196 1.
269 2161 386 2195 Beatus
411 2163 460 2195 vir
482 2165 655 2205 Vana-icus,

265 2209 427 2242 Probitate
453 2213 647 2251 conspicuus,

265 2258 304 2289 Iu
329 2258 489 2289 voluntate
513 2259 640 2291 Domini

268 2303 381 2344 Corde,
406 2307 511 2336 mente
535 2306 680 2346 pervigili

266 2350 348 2383 Dum
372 2351 459 2394 vixit,
482 2353 554 2391 J'ure
577 2354 726 2392 perstitit.

886 2064 917 2095 2.
943 2065 1081 2097 Servivit
1104 2076 1239 2107 namque
1261 2069 1396 2102 Domino

942 2112 981 2143 Iu
1004 2111 1116 2144 timore
1140 2116 1338 2148 sanctissimo

941 2160 990 2189 Ao
1013 2159 1090 2199 legis
1112 2162 1163 2200 jus
1190 2163 1364 2195 catholicae

942 2205 1064 2238 Didicit
1088 2208 1295 2242 libentissime

942 2252 1157 2294 Exercuitque
1181 2265 1286 2295 opere.

883 2309 913 2340 3.
938 2307 1154 2343 Confessorem
1176 2312 1260 2345 hune
1282 2315 1445 2356 insignem,

941 2356 1120 2389 Valericum
1146 2358 1288 2392 Christus
1313 2370 1372 2396 sua.
