1651 2588
718 100 977 134 ——202—

331 196 377 227 In
403 198 434 230 2.
459 196 517 229 No
528 201 564 228 ct
575 204 685 227 urno.

413 261 606 297 Antiphonae.

218 319 248 351 1.
275 318 382 350 Crucis
408 317 484 350 facit
508 318 711 358 signaculum,

273 366 433 396 Venenum
458 366 550 406 pellit
572 365 709 403 noxium,

273 411 386 443 Sanum
412 412 517 443 reddit
543 411 769 451 corpusculum,

275 458 385 490 Carnis
411 457 496 497 fugat
521 458 708 490 incendium.

240 541 247 546 .
272 515 343 547 Jam
367 517 496 545 sanatur
521 514 689 553 dupliciter

274 561 368 592 Pulso
393 569 511 593 veneno
535 561 629 592 noxio

269 607 386 638 Mulier
409 607 608 646 mirabiliter,

269 654 386 685 Mentis
412 657 538 686 curatur
562 654 649 686 vitio.

237 737 244 742 .
270 709 428 741 Monstrat
452 710 513 741 sibi
539 710 698 749 divinitus,

270 756 386 787 Locum
413 755 540 787 Domini
563 756 692 795 spiritus

269 805 387 841 Aptum
412 803 613 842 orationibus,

269 850 334 888 Quo
359 853 451 881 vacat
473 850 534 881 Dei
557 849 714 880 laudibus.

405 942 610 977 Responsoria.

234 1034 241 1041 .
268 1008 456 1040 Canonicum

315 1055 444 1085 assumit
467 1055 618 1095 habitum,

268 1101 371 1139 Hujus
395 1102 503 1133 mundi

317 1148 435 1179 deserit
458 1148 613 1187 spiritum,

265 1195 353 1226 Duos
378 1192 493 1225 fratres

313 1241 374 1272 sibi
398 1240 610 1280 confoederat,

267 1288 417 1319 Fructum
441 1290 535 1326 parat

313 1335 394 1365 sicut
419 1337 613 1374 conceperat,

265 1382 494 1420 Augmentatur

314 1426 447 1459 fratrum
471 1428 615 1459 solat-ium

265 1475 309 1506 Et
331 1483 478 1506 numerus

312 1522 426 1552 crescit
448 1521 599 1560 fidelium,

265 1569 364 1600 Juxta.
386 1571 589 1608 praeceptum

311 1615 550 1654 Augustinicum

263 1662 388 1693 Victum
413 1664 584 1701 sequuntur

313 1708 528 1747 apostolicum.

231 1787 242 1798 .
265 1764 444 1795 Exauditur

312 1811 377 1849 eJus
403 1812 513 1851 oratio,

264 1857 433 1889 Liberatur

312 1905 421 1935 domus
443 1904 599 1944 incendio,

264 1952 372 1991 Ignem
396 1951 460 1983 suis

310 1998 479 2038 exstinguit
500 1998 657 2039 precibus,

262 2045 374 2077 Multis
399 2044 499 2085 fulget

313 2092 416 2124 clarus
440 2092 611 2125 miraculis.

224 2165 232 2172 .
262 2139 369 2170 Ardor
393 2139 473 2178 ignis
499 2139 715 2178 exstinguitur.

231 2220 239 2228 .
266 2196 372 2228 Caterx
380 2196 456 2227 atim

310 2243 374 2274 ruit
396 2241 488 2281 plebs
513 2243 624 2275 sedula

261 2289 314 2320 Ad
340 2289 509 2322 videndum

310 2336 375 2375 ejus
400 2336 560 2377 miracula,

875 383 912 414 V.

946 194 991 226 Et
1015 202 1149 233 corpora

994 243 1083 272 curat
1105 240 1264 281 lan-guida,

945 287 1057 319 Multis
1083 287 1180 320 donat

992 334 1110 366 morbis
1133 334 1283 366 remedia.

943 381 1049 421 Erigit,
1072 382 1182 421 templi
1206 380 1368 418 fabricam,

945 428 1008 460 Ubi
1033 428 1155 466 plebem
1182 427 1359 459 famelicam

944 474 1060 506 Reficit
1083 475 1281 513 spiritaliter,

941 521 1072 553 Hostem
1099 521 1196 552 vincit
1220 520 1363 553 viriliter.

1006 635 1049 666 In
1079 635 1110 666 3.
1136 634 1194 665 No
1206 635 1326 664 cturn
1337 642 1365 664 o.

1084 698 1278 734 Antiphonac.

944 757 1099 796 operat-us
1120 756 1275 794 justitiam

943 803 1084 835 Tandem
1108 803 1196 834 venit
1219 803 1260 834 ad
1285 802 1418 842 gloriam

944 852 1066 883 Fruens
1091 853 1220 881 aeterna
1244 849 1352 889 requie

942 898 1051 937 Regno
1078 897 1222 928 coelestis
1244 896 1379 935 patriae.

942 953 1011 985 Non
1039 952 1098 984 fuit
1124 953 1280 984 desiderio

941 1000 1120 1031 Fraudatus
1145 1000 1212 1031 sive
1236 998 1387 1040 praemio,

941 1047 978 1079 In
1002 1046 1136 1077 Domino
1157 1046 1337 1084 laetabitur,

941 1094 979 1125 In
1005 1093 1099 1123 coelis
1123 1093 1334 1125 coronabitur.

908 1173 916 1180 .
942 1149 1095 1180 Innocens
1121 1149 1227 1186 corde,
1251 1147 1407 1188 manibus,

941 1193 1105 1227 Perfectus
1128 1196 1160 1226 in
1187 1194 1355 1227 virtutibus

940 1241 1095 1273 Ascendit
1119 1242 1159 1273 ad
1185 1241 1343 1280 coelestia,

940 1288 1003 1320 Ubi
1027 1291 1099 1319 sunt
1124 1297 1199 1321 vera
1223 1288 1348 1328 gaudia.

1070 1371 1276 1407 Respousoria.

906 1454 913 1460 .
939 1429 1037 1460 Parat
1062 1428 1167 1460 delere
1190 1428 1331 1460 funditus

939 1475 1103 1514 Inceptum
1127 1475 1305 1508 aedificium

939 1522 1103 1553 Frendens
1127 1523 1282 1562 malignus
1306 1523 1436 1562 spiritus

939 1568 1002 1600 Per
1023 1569 1091 1600 saxi
1111 1570 1351 1609 praecipitium3

938 1615 1053 1646 Saxum
1079 1616 1118 1646 de
1141 1620 1246 1648 monte
1271 1617 1399 1655 corruit,

939 1662 1000 1693 Sed
1026 1662 1125 1692 hostis
1149 1672 1211 1694 non
1236 1664 1424 1702 praevaluit,

938 1709 1046 1747 Rupes
1070 1709 1103 1739 in
1127 1713 1215 1742 terra
1237 1709 1344 1750 figitur

937 1755 982 1787 Et
1004 1756 1037 1786 in
1061 1755 1153 1794 lapsu
1177 1757 1403 1795 comprimitur.

936 1803 1050 1834 Petrus
1075 1811 1184 1835 saxum
1210 1804 1351 1844 retinuit,

939 1849 1067 1889 Signum
1091 1851 1191 1883 crucis
1216 1852 1374 1891 opposuit,

937 1896 1022 1927 Mira
1045 1896 1106 1927 Dei
1129 1898 1270 1936 potentia

937 1943 1081 1974 Renovat
1103 1944 1270 1977 mirabilia.

937 2009 999 2039 Hic
1025 2008 1200 2042 Gnidonem
1226 2012 1407 2043 canonicum

939 2055 1070 2088 Sanavit
1092 2058 1302 2098 paraliticum,

939 2101 1069 2134 Confert
1092 2105 1247 2137 medelam
1272 2107 1414 2145 corporis

937 2150 976 2182 1n
1001 2150 1090 2182 brevi
1114 2151 1193 2184 hora
1216 2153 1379 2192 temporis.

936 2197 961 2229 Ο
988 2198 1185 2231 sacerdotum
1209 2200 1320 2239 gloria,

938 2244 1025 2275 Audi
1048 2247 1157 2277 nostra
1180 2247 1327 2286 suspiria,

936 2291 1024 2322 Pelle
1047 2295 1156 2326 nostra
1180 2293 1321 2326 facinora

937 2338 981 2369 Et
1006 2338 1047 2369 da
1070 2339 1176 2378 quieta
1200 2344 1353 2380 tempora.
