1650 2587
730 126 989 160 —173—

275 219 494 259 Exstirpando

321 266 425 307 legem
449 267 623 308 gentilium,

275 313 387 346 Fidem
414 317 535 346 rectam

322 362 464 393 inserens
492 362 633 395 coelitus,

220 421 233 436 f
243 443 250 450 .
276 419 383 458 Aeger
403 418 505 450 morbi

326 466 475 505 cuiusque
500 466 624 506 generis

276 513 456 545 Postulavit

326 560 393 600 ejus
418 559 567 600 suffragia

277 608 316 639 In
341 609 475 646 tantum,

324 656 360 685 ut
385 653 463 686 felix
487 663 565 694 prae
590 656 703 686 ceteris

275 701 365 733 Tunc
389 700 480 732 fieret

324 748 382 779 illa
406 748 579 788 provincia.

396 822 442 849 Ad
462 821 645 849 Benedictus.

239 905 245 911 .
276 880 507 920 Archipraesul

324 927 484 959 Mellonus
508 927 604 958 nimio

277 976 360 1008 Prae
384 974 495 1005 labore

326 1021 428 1053 fessus
455 1024 487 1052 et
510 1020 597 1052 senio

277 1069 369 1100 Viam
394 1068 498 1099 carnis

321 1124 465 1155 sequens,
493 1114 603 1146 exsilio

275 1163 391 1195 Mundi
416 1166 534 1202 spreto,

323 1211 391 1249 jam
417 1209 621 1241 contubernio

279 1256 502 1290 confessorum

324 1305 453 1343 junctus
478 1312 537 1343 pro
561 1304 702 1342 praemio

280 1351 441 1384 Christum

327 1398 414 1430 videt
439 1398 472 1429 in
498 1398 576 1429 coeli
601 1398 726 1437 gaudio.

353 1513 399 1544 In
426 1513 457 1543 2.
485 1510 699 1549 Vesperis.

400 1576 446 1604 Ad
464 1574 644 1611 Magnfficat.

241 1660 248 1668 .
280 1636 305 1668 Ο
331 1637 442 1674 pastor
467 1633 640 1671 humilium,

278 1682 408 1715 Medela
436 1680 662 1723 languentium,

325 1730 418 1761 Lima
442 1727 620 1768 pravitatis,

278 1777 475 1810 Moestorum
497 1775 655 1818 solatium,

278 1825 372 1857 Fidei
397 1823 604 1864 praesidium,

327 1872 448 1904 Doctor
472 1871 627 1912 veritatis,

280 1918 435 1952 Transfer
458 1927 516 1950 nos
541 1919 582 1950 ad
608 1919 766 1958 gaudium,

281 1968 319 2000 Iu
345 1975 405 2006 quo
429 1965 491 1997 Dei
515 1964 615 1998 filium

328 2014 426 2046 Vides
452 2021 521 2044 cum
547 2012 658 2046 beatis.

367 2128 445 2160 Per
470 2126 494 2159 Ο
506 2128 600 2157 ctav
612 2135 681 2159 am.

424 2191 618 2227 Antiphonae.

248 2281 252 2287 .
281 2253 306 2285 Ο
332 2250 484 2291 Mellone,

328 2300 460 2331 lucerna
483 2296 675 2338 praesulum,

279 2347 408 2381 Morum
434 2346 541 2384 decus,

328 2395 481 2427 virtutum
502 2391 676 2433 speculum,

957 221 1004 253 Te
1028 222 1188 259 rogantem

1005 268 1120 299 exaudi
1144 267 1306 307 populum,

958 315 1003 348 Ut
1025 316 1098 354 post
1121 314 1214 354 hujus

1005 362 1090 394 vitae
1115 361 1304 393 curriculum

960 409 1191 448 Consequamur

1008 456 1143 488 coeleste
1167 455 1326 495 pabulum,

926 538 932 544 .
960 513 983 545 O
1008 512 1158 555 Mellone,

1004 560 1132 599 praesul
1155 556 1341 600 magnificae

962 606 1144 639 Sanctitatis

1006 656 1038 684 et
1061 654 1115 685 lux
1140 653 1300 692 ecclesiae,

959 700 1074 732 Hostes
1099 703 1223 732 nostros

1006 757 1025 779 a
1048 746 1138 779 nobis
1163 747 1251 786 ejice,

959 794 1008 827 De
1033 794 1204 826 commissis

1008 842 1086 874 dans
1110 842 1213 873 locum
1238 840 1357 872 veniae.

925 924 933 931 .
960 899 984 931 O
1011 897 1160 937 Mellone,

1005 944 1109 984 plebis
1134 944 1338 984 praesidium,

960 992 1019 1030 Qui
1043 991 1204 1031 Lupillum

1007 1039 1127 1069 sanasti
1146 1038 1296 1076 saucium,

961 1086 1007 1117 Te
1029 1093 1197 1124 precamur

1006 1131 1119 1163 affectu
1145 1132 1285 1163 cordium

960 1179 1021 1210 Pro
1046 1179 1149 1211 salute

1007 1229 1040 1257 te
1064 1226 1301 1265 postulantium.

928 1308 936 1316 .
963 1283 987 1315 O
1013 1282 1163 1322 Mellone,

1008 1330 1127 1369 primas
1153 1328 1374 1361 Normanniae.

962 1377 1022 1416 Qui
1047 1376 1164 1408 dedisti

1009 1424 1112 1455 lucem
1137 1423 1320 1463 veronicae,

963 1471 1010 1502 Te
1033 1479 1189 1510 rogamus,

1011 1518 1182 1549 clementer
1206 1517 1336 1556 adspice

964 1564 1091 1604 Nosque
1114 1565 1178 1596 tuis

1010 1612 1157 1652 precibus
1183 1610 1274 1643 effice

963 1659 1140 1700 Participes

1008 1707 1089 1738 lucis
1118 1706 1289 1747 angelicae.

929 1790 936 1797 .
962 1764 986 1796 O
1012 1763 1164 1801 Mellone,

1012 1812 1100 1851 cujus
1125 1811 1258 1851 imperio

963 1859 1058 1891 Rothi
1084 1859 1182 1891 cessit

1012 1905 1111 1938 fallax
1134 1906 1250 1945 illusio,

967 1955 1029 1986 Pro
1051 1953 1212 1993 praesenti

1011 2010 1088 2041 roga
1111 2000 1253 2041 collegio,

963 2048 1014 2081 Ne
1035 2057 1092 2080 nos
1117 2047 1260 2080 Christus

1011 2104 1070 2135 pro
1095 2097 1203 2127 nostro
1227 2093 1303 2126 vitio

966 2143 1141 2176 Grehennali

1012 2189 1121 2222 tradat
1145 2188 1311 2228 supplicio.

932 2273 939 2280 .
967 2248 991 2280 Ο
1017 2246 1167 2289 Mellone,

1016 2294 1104 2333 cujus
1128 2292 1310 2334 praesentia

964 2341 1097 2375 Morbos
1122 2344 1223 2381 sanat,

1014 2388 1103 2430 fugat
1129 2388 1304 2430 daemonia,
