1650 2587
734 111 966 146 -45.-

211 208 243 242 3.
269 209 294 242 Ο
319 208 465 241 coelestis

315 258 441 288 senator
465 256 581 295 curiae,

268 302 353 334 Fons
381 301 528 345 dulcoris,

314 348 414 389 Blasi,
440 351 473 379 et
497 349 618 390 veniae,

265 396 320 428 Ad
347 395 481 428 devotae

313 445 388 475 vota
408 442 548 475 familiae

268 489 531 523 condescendens

317 539 493 569 consortem
518 537 639 578 gloriae

364 584 432 616 Fac
456 585 616 624 perennis,

198 631 235 663 V.
266 632 397 663 Memor
453 633 516 664 esto
565 631 821 673 eonyreqam'onis

270 681 344 710 tuac
374 687 433 711 ‘nec
464 678 660 711 obliviscaris
692 679 761 719 ejus
783 678 822 711 in

267 725 375 766 finem.

363 869 380 900 I
390 878 412 900 n
435 867 465 899 L
473 878 493 901 a
500 878 522 900 u
531 868 569 901 di
577 868 599 900 b
607 878 629 900 u
636 877 663 902 s.

412 942 607 978 Antiphonae.

213 1011 244 1043 1.
270 1008 430 1041 Mirabilis

313 1057 347 1088 in
371 1057 454 1099 altis,
481 1056 627 1097 Domine,

271 1104 331 1143 Qui
359 1103 505 1136 decorem

317 1159 387 1182 cum
410 1149 599 1184 fortitudine

271 1197 388 1229 Sancto
414 1200 468 1230 tuo

319 1245 436 1277 dedisti
461 1245 579 1285 Blasio,

270 1292 485 1332 Gonregnanti

314 1342 419 1371 tecum
438 1339 472 1371 in
497 1339 624 1379 gaudio.

214 1416 245 1446 2.
271 1414 296 1446 O
323 1413 416 1445 fortis
441 1414 563 1445 athleta

320 1460 359 1492 ad
386 1464 587 1500 conspectum
614 1462 744 1503 Christi,

273 1507 331 1546 Qui
358 1516 427 1539 cum
450 1508 575 1540 laetitia

324 1555 426 1587 victor
450 1555 599 1595 introisti,

271 1602 337 1634 Nos
363 1603 429 1641 ejus
456 1603 606 1643 populum

317 1652 348 1681 et
373 1659 447 1682 oves
471 1659 608 1690 pascuae

270 1697 309 1729 In
337 1697 403 1736 ejus
429 1698 519 1729 atriis

316 1747 419 1776 tecum
447 1746 612 1779 constitue.

212 1822 243 1854 3.
271 1820 370 1859 Quam
397 1819 475 1853 felix
500 1822 615 1863 anima,

315 1868 402 1908 Quae
425 1868 529 1900 Deum
554 1868 665 1909 sitivit,

267 1915 364 1957 Ecce,
390 1924 475 1948 nunc
498 1916 651 1958 possidet,

316 1963 401 2003 quod
427 1963 481 1996 diu
506 1963 645 2005 cupivit3

269 2010 471 2043 Translatam
495 2011 592 2043 hodie

316 2058 398 2090 hanc
422 2066 519 2097 super
543 2059 674 2091 aethera

268 2105 331 2137 Dei
355 2104 523 2146 magnifice

314 2154 456 2193 suscepit
481 2153 621 2185 dextera.

209 2231 241 2263 4.
265 2229 290 2262 Ο
317 2229 403 2261 beati

313 2278 471 2317 justorum
496 2276 637 2319 spiritus,

268 2325 389 2365 Quibus
414 2326 538 2364 martyr

316 2372 486 2411 adjunctus
511 2372 650 2411 inclitus,

948 206 1051 238 Deum
1076 214 1154 239 voce

996 253 1181 286 collaudans
1205 253 1319 285 sedula

950 300 1118 332 Benedicit

994 348 1024 380 ei
1047 347 1082 379 in
1105 348 1243 381 saecula.

891 405 921 437 5.
945 405 983 437 In
1008 406 1189 437 sanctorum

996 452 1157 484 exsultans
1183 451 1297 492 gloria,

950 499 1046 543 Mira,
1072 498 1170 538 Blasi,

997 546 1137 587 gaudens
1161 546 1293 587 laetitia,

950 592 1074 625 Novum
1100 593 1169 625 Deo

997 640 1167 672 decantans
1194 640 1360 681 canticum,

950 686 1078 720 Laudes
1102 687 1178 720 audi

996 737 1120 767 tuorum
1144 736 1333 775 supplicum.

1068 838 1113 865 Ad
1133 838 1318 866 Benedictus.

877 895 918 928 A.
945 894 969 927 O
992 896 1088 934 jubar
1111 898 1286 936 aeternum,

996 942 1093 983 Blasi,
1113 942 1270 983 Jubarque
1295 951 1475 983 supernum,

951 988 1045 1030 Regis
1073 990 1218 1022 coelestis

997 1046 1014 1068 o
1040 1035 1132 1069 fortis
1159 1039 1191 1068 et
1214 1038 1324 1069 inclite
1349 1038 1451 1078 testis,

949 1083 1086 1123 Respice
1110 1093 1283 1126 servorum,

998 1131 1134 1163 clemens
1159 1132 1323 1172 advocate,
1349 1135 1473 1164 tuorum

950 1177 994 1208 Et
1015 1186 1111 1217 prece
1134 1187 1192 1210 nos
1216 1178 1312 1211 solita

996 1225 1117 1257 labenti
1143 1225 1245 1266 dirige
1269 1227 1345 1260 vita.

1020 1339 1065 1371 In
1092 1341 1124 1372 2.
1149 1340 1365 1380 Vesperis.

879 1403 919 1436 R.
945 1404 1016 1438 Jam
1043 1414 1151 1437 cursus
1175 1404 1278 1437 felicis

1015 1452 1139 1492 expleto
1165 1453 1271 1485 stadio

954 1498 1090 1531 Athleta
1115 1499 1271 1532 cervicem

998 1546 1149 1586 supponit
1173 1547 1291 1587 gladio,

954 1592 1122 1625 Talentum
1149 1603 1219 1625 cum
1241 1595 1332 1627 lucro

997 1643 1166 1680 reportans
1190 1642 1355 1686 creditum,

949 1686 1148 1720 Gaudentem
1172 1686 1208 1720 in
1232 1689 1327 1721 astris

997 1735 1105 1767 intulit
1128 1735 1286 1776 spiritum.

880 1782 918 1814 V.
946 1780 979 1814 A
1026 1781 1152 1816 Christo
1194 1784 1379 1824 centuplum
1419 1785 1504 1818 acci-

944 1829 1042 1871 piens
1082 1839 1147 1870 pro
1186 1832 1321 1864 terrenis
1359 1832 1505 1865 coelestia

949 1878 1159 1917 comparavit.

1073 1979 1120 2008 Ad
1138 1981 1317 2016 Mag-nificat.

881 2039 922 2072 A.
949 2037 1151 2078 Magnificum
1177 2041 1368 2072 salvatorem

999 2085 1126 2117 Laudet
1150 2087 1250 2118 omnis
1276 2088 1418 2129 spiritus,

954 2132 1000 2165 Ut
1022 2133 1149 2165 Blasius
1176 2133 1230 2165 det
1254 2143 1393 2168 amorem

998 2179 1107 2212 Sancti
1130 2180 1222 2213 nobis
1247 2182 1390 2223 spiritus,

953 2226 1012 2265 Qui
1037 2227 1168 2260 coelesti
1192 2229 1311 2268 palatio

1000 2275 1135 2314 Fulgeat
1160 2276 1351 2320 humanitus,

953 2321 1015 2355 Illo
1040 2330 1097 2355 nos
1124 2323 1220 2355 ducat
1243 2326 1369 2367 gaudio,

1001 2369 1038 2401 In
1065 2378 1126 2409 quo
1152 2375 1264 2412 regnat
1288 2373 1433 2408 coelitus.
