1650 2587
716 109 976 146 -103—

193 204 225 236 3.
251 203 304 235 Ad
328 203 439 235 laudes
464 204 591 244 vigilem

298 249 479 291 fontemque
503 251 605 283 Deum
630 253 789 285 sitientem

252 297 395 329 Christus
420 299 569 338 suscepit,

298 345 348 376 cui
373 346 460 386 virgo
483 345 589 378 fidelis
613 348 768 381 adhaesit.

192 403 225 434 4.
251 401 382 441 Ignibus
408 403 571 434 exstinctis

300 449 386 480 canit
407 450 560 491 hymnum
583 460 645 483 vox
661 452 804 492 puerilis,

248 496 302 528 Sic
325 504 403 528 nece
428 500 614 537 consumpta

297 544 407 584 sponsi
420 544 600 576 Katharina
612 546 669 578 sub
683 546 805 578 umbra.

192 601 223 633 5.
250 600 336 633 Ordo
361 601 540 640 puellarum

298 656 392 687 quam
416 647 496 680 felix
521 648 772 689 candidularum,

252 694 330 727 Cum
353 695 466 735 quibus
492 695 572 727 haec
594 696 684 736 virgo

300 745 408 774 cantat
430 752 513 775 nova
531 742 653 775 cantica
669 743 803 778 Christo.

933 208 1056 247 Quanta
1079 207 1151 239 lucc
1175 208 1377 246 spectabilis!

932 256 1022 288 Inter
1046 254 1122 287 Sion
1143 255 1329 294 juvenculas

932 302 977 334 Et
1000 301 1198 334 Hierusalem
1223 300 1305 334 filias

932 349 1085 381 Thalamo
1110 349 1228 389 gaudes
1253 351 1339 390 regio

933 395 1108 435 Coniuncta
1131 396 1190 428 Dei
1216 395 1293 431 filio.

1004 528 1051 560 In
1076 529 1105 562 1.
1126 528 1341 567 Vesperis.

1057 611 1103 638 Ad
1122 610 1301 647 Mag-nificat.

861 678 901 710 A.
932 680 1012 717 Ave,
1038 687 1159 719 gemma
1184 678 1336 710 claritatis

980 725 1021 757 ad
1045 727 1146 758 instar
1171 725 1362 764 carbunculi,

932 772 1012 814 Ave,
1037 782 1111 805 rosa
1134 772 1286 813 paradisi,

977 828 1065 851 more
1088 819 1225 860 flagrans
1249 819 1381 852 balsami

932 867 1119 908 Katharina,
1146 867 1234 907 virgo
1253 866 1341 909 felix,

977 914 1113 953 gloriosa
1132 914 1254 945 meritis

929 960 1124 992 Assistentes
1147 961 1209 992 tuis
1234 959 1323 993 festis

979 1008 1058 1040 coeli
1074 1008 1172 1048 junge
1195 1008 1329 1047 gaudiis,

367 816 412 845 Ad
431 817 615 845 Benedictus.

179 866 219 897 A.
251 865 396 897 Prudens
422 868 453 897 et
476 866 610 906 vigilans
634 867 734 906 virgo,

251 912 358 951 Qualis
385 921 417 944 es
443 921 512 944 cum
536 921 650 952 sponso
675 914 742 952 illo,

249 959 309 999 Qui
332 961 365 990 te
390 960 486 999 elegit
512 959 551 991 de
575 960 703 1001 mundo,

248 1006 346 1045 Quam
362 1007 508 1049 pulchra,
528 1015 619 1046 quam
636 1007 800 1047 mirabilis,

253 1072 337 1099 BreV.
359 1080 411 1099 ms.
431 1072 639 1100 Nobiliacense
661 1080 736 1099 saec.
758 1070 801 1100 13.
824 1073 893 1100 Cod.
914 1072 1101 1107 Burdigalen.
1121 1070 1167 1099 85.
1191 1086 1223 1090 —
1243 1072 1279 1100 In
1301 1071 1325 1100 1.
1340 1073 1427 1108 Vesp.
1449 1070 1479 1105 R,

177 1107 195 1136 8
219 1111 317 1136 movet
335 1109 399 1136 hoc.
429 1125 465 1129 —-
490 1110 526 1137 In
548 1108 572 1136 1.
591 1110 675 1138 Noct.
698 1108 720 1136 Α
742 1108 772 1143 6,
800 1107 818 1136 2
836 1111 913 1138 fanis
931 1110 1066 1145 liperare.
1092 1124 1129 1128 —
1153 1110 1189 1137 In
1208 1107 1235 1137 3.
1255 1110 1339 1138 Noct.
1361 1108 1380 1136 Β
1404 1108 1430 1143 2,
1460 1108 1478 1136 2

177 1155 293 1174 carcere
311 1147 392 1174 fehlt.
412 1162 450 1166 -—
471 1147 493 1173 Α
515 1145 541 1181 2,
563 1145 580 1175 6
600 1148 751 1175 doctrinae
763 1148 877 1176 sabina.
899 1162 935 1166 —
954 1147 1095 1175 InLaud.
1109 1145 1132 1174 Α
1156 1146 1180 1181 1,
1200 1145 1220 1174 4
1238 1150 1321 1184 virgo
1337 1157 1403 1175 cum
1416 1156 1480 1183 reg-

176 1187 237 1212 nat.
258 1199 294 1203 —
314 1184 360 1211 Ad
380 1185 485 1213 Bened.
508 1183 541 1219 Α,
563 1183 581 1213 8
600 1186 742 1214 Thalamo
766 1186 953 1222 ausgefallen.

596 1273 644 1306 38.
684 1274 727 1305 De
749 1276 857 1306 saneta
876 1274 1063 1307 Katharina.

1046 1345 1091 1372 Ad
1109 1343 1290 1381 Magnificat.

857 1412 897 1445 A.
930 1411 1025 1442 Alma
1046 1412 1134 1451 virgo
1159 1411 1349 1452 Katharina,

925 1457 1054 1498 Martyr
1077 1458 1217 1498 prudens
1242 1461 1274 1490 et
1297 1459 1415 1501 regina,

311 1344 357 1376 In
394 1345 424 1377 1.
450 1344 662 1383 Vesperis.

394 1409 587 1445 Antiphonae.

190 1469 218 1500 1.
246 1467 386 1506 Virginis
412 1467 545 1499 eximiae

295 1514 502 1556 Katharinae,
521 1515 669 1554 martyris
687 1514 798 1554 almae,
972 1505 1035 1537 P1'0
1061 1506 1164 1538 salute
1188 1506 1324 1537 omnium

244 1561 343 1593 Festa
367 1561 530 1593 celebrare

293 1609 334 1640 da
358 1609 459 1649 nobis,
491 1617 547 1640 rex
572 1607 635 1649 pie,
662 1608 796 1641 Christe.

185 1669 216 1699 2.
243 1665 339 1705 Virgo
363 1668 474 1697 sancta
496 1664 677 1698 Katharina

244 1712 398 1745 Graeciae
421 1721 553 1755 gemma,

242 1760 341 1793 Urbis
366 1760 614 1800 Alexandrinae,

245 1807 331 1840 Costi
357 1808 440 1848 regis
466 1810 535 1839 erat
557 1806 634 1841 filia.

185 1867 216 1898 3.
243 1864 357 1904 Specie
381 1864 523 1904 corporis
550 1864 666 1897 decora

241 1911 345 1943 Nimis
371 1912 491 1953 enituit,

241 1958 306 1991 Sed
328 1957 393 1990 fide
416 1959 580 1998 pulchrior

247 2006 369 2046 Sponso
393 2015 531 2045 superno
554 2006 684 2045 placuit.

184 2067 215 2097 4.
242 2062 396 2095 Traditur
421 2071 495 2103 ergo
521 2071 540 2093 a
563 2066 655 2101 patre

243 2109 435 2143 Doctoribus
461 2109 583 2141 eximiis

240 2158 417 2191 Imbuenda

240 2204 442 2239 Liberalibus
468 2204 593 2236 studiis.

183 2266 213 2297 5.
240 2263 298 2295 Ait
324 2261 410 2294 Deus
435 2270 494 2301 per
517 2262 721 2301 prophetam:

239 2310 378 2343 Perdam
402 2308 590 2349 sapientiam

239 2358 424 2399 Sapientum
457 2358 489 2388 et
520 2359 700 2396 pervortam

238 2406 439 2438 Intellectum
465 2404 613 2438 omnium.

927 1553 1041 1585 Preces
1069 1552 1167 1584 funde
1191 1552 1352 1595 salvatori,

925 1599 1087 1632 Castitatis
1111 1600 1254 1639 amatori,

975 1646 1111 1688 Christo,
1137 1655 1252 1687 sponso
1277 1647 1443 1687 virginum.

990 1765 1052 1797 Ad
1077 1765 1341 1799 Matutmum.

1058 1840 1277 1868 Invitatorium.

927 1907 1085 1941 Christum
1111 1916 1216 1947 regem
1242 1908 1421 1948 adoremus,

925 1955 984 1994 Qui
1007 1955 1149 1995 reginam
1174 1953 1384 1986 Katharinam

973 2000 1142 2034 Coronavit
1166 2001 1270 2033 hodie.

985 2120 1033 2152 In
1058 2121 1089 2154 1.
1116 2119 1343 2153 Nocturno.

1071 2194 1265 2230 Antiphonae.

891 2288 898 2295 .
924 2262 1018 2294 Felix
1043 2262 1132 2302 virgo
1157 2261 1345 2303 Katherina,

972 2310 1059 2343 Costi
1083 2309 1166 2349 regis
1190 2307 1265 2350 filia,

923 2358 1042 2397 Regem
1068 2357 1226 2390 Christum
1251 2358 1431 2390 venerando

972 2404 1169 2437 Praedilexit
1193 2404 1306 2440 animo.
