1651 2588
757 104 920 138 -200
971 122 1012 127 —-

259 203 289 234 3.
317 202 444 235 Coelum
470 202 595 241 attingit
619 200 778 232 summitas
989 197 1120 229 Ostenso
1145 195 1202 228 tibi
1229 195 1360 227 coelitus

314 249 433 288 Scalae,
460 258 522 288 qua
542 257 621 280 unus
646 248 798 287 graditur,
986 244 1119 276 Remota
1142 243 1216 276 labe
1241 243 1366 282 penitus

311 296 475 328 Ecclesiae
503 296 549 326 sic
571 294 675 327 unitas
984 290 1051 322 Fac
1074 301 1131 322 nos
1156 289 1219 321 frui
1246 299 1315 321 cum
1340 288 1441 328 gloria

312 343 386 375 Sola
410 343 529 373 coelum
553 341 738 382 ingreditur.
985 338 1211 369 Permansuros
1235 337 1268 368 in
1293 335 1408 375 patria.

254 399 285 430 4.
312 398 434 430 Scalam
459 398 603 430 ascendit
624 405 761 435 auream,

311 445 405 477 Virus
429 453 488 475 nec
512 452 641 483 serpens
667 442 776 485 officit,

312 491 424 523 Sedem
450 491 574 522 scandit
595 490 771 521 aetheream
1051 497 1094 528 111
1122 498 1153 529 2·
1180 495 1398 535 Vesperi&

311 538 428 577 Justus,
455 538 506 577 qui
532 537 627 569 Satan
654 536 797 575 despicit.

257 595 287 626 5.
313 594 386 626 Fixi
412 593 505 624 cultri
530 596 562 624 et
585 592 682 632 gladii

313 640 410 672 Juxta
434 640 526 670 situm
550 638 694 677 martyrii
914 657 943 688 A

311 687 368 718 Eis
393 688 508 717 metum
531 685 698 724 incutiunt,

314 733 372 771 Qui
396 733 504 764 mundi
529 740 646 772 poenas
670 730 801 772 fugiunt.

1105 580 1151 607 Atl
1168 578 1347 614 Mag-nificat.

947 682 954 688 .
985 656 1123 687 Verbum
1148 655 1226 694 legis
1255 654 1444 697 custodiens,

983 702 1069 734 Sicut
1093 701 1254 734 mandavit
1279 701 1441 741 Dominus,

985 750 1113 781 Patrem
1137 752 1170 780 et
1191 753 1324 780 matrem
1349 749 1503 787 nesciens,

423 796 469 823 Ad
488 797 670 824 Benedictus-
988 797 1050 828 Pro
1077 796 1201 828 Christo
1227 795 1429 827 nihilominus

242 847 281 876 A.
313 845 336 876 O
362 845 454 876 beata
478 845 645 884 Perpetua,
988 843 1098 875 Virum
1123 842 1242 881 abjecit
1263 842 1429 882 proprium

311 891 381 922 Duc
403 899 460 922 nos
484 891 525 922 ad
549 892 633 923 vitae
657 900 774 930 pascua
988 890 1032 921 Et
1054 890 1152 921 filium
1178 889 1335 928 Perpetua

311 938 355 969 Et
378 939 469 969 horto
492 937 720 977 amoenissimo,
987 937 1032 968 Et
1055 946 1165 968 manus
1191 936 1425 968 dehortantium

313 983 433 1015 Fructu
459 984 681 1023 copiosissimo,
989 983 1175 1024 Martyrium
1201 985 1233 1013 et
1256 992 1365 1022 genua.

317 1048 402 1075 Brev.
422 1055 474 1074 ms.
495 1036 651 1075 Anieiense
671 1055 745 1074 saec.
768 1045 811 1074 15.
833 1046 901 1074 eod.
921 1047 1045 1074 Parisin.
1068 1045 1148 1074 1304.
1168 1046 1202 1072 A.
1228 1061 1265 1065 —
1287 1047 1371 1073 Brev.
1392 1055 1444 1074 ms.
1466 1048 1536 1075 Ani-

242 1086 337 1111 ciense
358 1092 433 1112 saec.
456 1082 499 1111 15.
522 1084 589 1111 Ood.
609 1084 734 1111 Parisin.
754 1083 875 1119 (Arsen.)
894 1082 957 1110 277.
977 1083 1010 1110 B.
1039 1099 1073 1103 —-
1100 1084 1184 1111 Brev.
1211 1092 1262 1110 ms.
1284 1084 1439 1111 Aniciense
1459 1093 1535 1113 saec.

243 1120 287 1148 15.
316 1122 385 1149 Cod.
407 1120 501 1157 Capit.
523 1121 654 1148 Anicien.
674 1130 697 1148 5.
716 1130 746 1148 n.
767 1121 798 1148 C.
823 1136 861 1140 —
886 1121 921 1148 111
947 1120 972 1148 1.
991 1121 1078 1156 Vesp.
1100 1119 1122 1147 Β
1142 1120 1159 1148 2
1180 1120 1256 1148 vidit
1275 1123 1305 1147 et
1321 1120 1395 1148 fehlt
1414 1122 1448 1155 A,
1468 1123 1535 1150 Pei·-

241 1162 357 1202 petuam
382 1158 439 1186 BC.
467 1173 502 1177 —-
527 1159 602 1186 Ibid.
629 1157 649 1185 4
677 1160 860 1194 prospicuam
882 1159 913 1185 G.
943 1175 961 1177 —
1000 1159 1074 1185 Ibid.
1101 1158 1119 1186 3
1139 1166 1192 1185 nos
1213 1158 1350 1185 scandere
1371 1160 1402 1185 G.
1431 1174 1468 1178 —
1490 1161 1536 1187 Ad

241 1196 339 1232 Magn.
360 1195 393 1230 A,
417 1194 431 1222 1
452 1196 593 1231 Perpetue
614 1196 647 1222 A.
667 1211 704 1215 —
729 1195 804 1223 Ibid.
825 1194 842 1222 2
867 1196 915 1223 det
932 1196 1016 1224 nobis
1039 1195 1069 1222 C.
1093 1211 1123 1215 —
1146 1196 1220 1223 Ibid.
1242 1194 1258 1222 9
1278 1196 1319 1222 Et
1337 1198 1423 1223 matri
1443 1197 1476 1224 C.
1499 1213 1536 1217 —

242 1234 316 1260 Ibid.
340 1232 373 1261 11
393 1234 488 1268 Prope
499 1234 592 1260 Deum
608 1234 641 1260 A.
664 1248 698 1252 —
719 1234 805 1261 Iuvit.
824 1231 844 1260 4
863 1233 997 1268 perduxit
1010 1233 1040 1260 C.
1063 1248 1094 1252 —
1118 1234 1153 1261 In
1175 1231 1199 1260 1.
1216 1233 1299 1260 Noct.
1317 1232 1339 1259 A
1363 1232 1385 1266 1,
1408 1232 1426 1260 2
1446 1234 1535 1263 Suam

242 1270 332 1297 filiam
355 1273 523 1298 immensam
546 1270 574 1298 O.
659 1269 680 1296 A
701 1269 727 1304 2,
750 1269 764 1297 1
786 1278 853 1305 ergo
872 1271 1024 1306 propenire
1043 1271 1077 1297 B.
1098 1286 1133 1290 —
1154 1270 1177 1298 A
1198 1269 1224 1303 2,
1245 1268 1263 1298 3
1283 1270 1320 1297 acl
1339 1270 1425 1298 fidem
1443 1272 1476 1299 B.
1499 1288 1533 1292 ——

242 1306 263 1333 Β
284 1306 311 1341 2,
330 1306 348 1335 3
367 1309 453 1336 Hanc
471 1316 572 1335 versus
592 1307 650 1335 AB.
679 1323 712 1326 —
740 1306 761 1334 Β
781 1305 812 1340 2,
837 1306 854 1334 5
879 1309 966 1335 Hane,
986 1309 1079 1335 virtus
1099 1309 1164 1342 AB,
1190 1309 1257 1335 Hac
1280 1308 1356 1342 (hat,
1382 1309 1423 1344 at)
1445 1310 1478 1337 B.
1497 1326 1536 1330 —

247 1343 267 1370 Β
288 1343 314 1378 2,
335 1344 351 1372 6
372 1346 448 1372 hanc
467 1345 538 1372 fehlt
548 1345 607 1373 AO.
648 1359 663 1363 -
685 1344 704 1371 Β
725 1343 751 1380 3,
774 1344 788 1372 1
810 1344 930 1379 Satyrus
951 1348 979 1373 et
1000 1344 1172 1372 Saturninus
1188 1345 1220 1372 B.
1239 1361 1277 1365 —
1299 1343 1319 1371 Β
1341 1344 1366 1378 2,
1388 1344 1405 1372 2
1427 1348 1535 1376 favoris

242 1382 316 1409 fehlt
328 1384 360 1409 B.
382 1398 417 1402 .-
440 1380 459 1407 Β
481 1380 507 1416 3,
528 1380 546 1410 3
566 1383 606 1409 Et
623 1384 748 1410 tonitrus
764 1386 796 1409 G.
816 1396 852 1401 —
874 1381 894 1408 Β
916 1380 941 1416 3,
962 1381 978 1410 6
998 1383 1112 1419 Angere
1131 1384 1235 1411 festum
1248 1384 1282 1410 A.
1304 1398 1333 1402 -ff
1361 1384 1397 1410 In
1411 1382 1436 1411 2.
1451 1386 1534 1413 Noct.

242 1418 261 1444 A
283 1419 307 1452 1,
331 1419 345 1447 1
374 1420 463 1456 septis
483 1420 517 1447 A.
545 1434 581 1439 —
608 1418 630 1445 A
653 1419 677 1455 1,
698 1418 715 1447 3
740 1419 870 1447 sedulam
889 1420 922 1447 A.
953 1435 992 1440 --
1012 1419 1033 1445 A
1055 1418 1080 1454 2,
1104 1419 1119 1447 1
1140 1421 1296 1456 denegabis
1316 1421 1350 1448 B.
1370 1436 1406 1440 —
1428 1420 1448 1448 Β
1472 1422 1496 1459 1,
1517 1422 1534 1451 9

241 1460 376 1493 percepto
397 1457 428 1485 G.
454 1472 492 1477 —
520 1455 539 1482 Β
560 1456 587 1492 2,
616 1455 630 1483 1
651 1458 682 1484 111
703 1458 806 1485 sudore
825 1457 859 1483 A.
885 1471 901 1475 —
948 1456 967 1483 Β
989 1455 1015 1491 2,
1039 1455 1057 1485 3
1077 1458 1159 1486 Haec
1179 1461 1273 1486 mente
1293 1459 1325 1491 A,
1354 1459 1420 1486 Hoc
1439 1465 1535 1489 mente

243 1495 274 1522 G.
351 1494 374 1521 A
393 1493 421 1528 2,
439 1493 459 1521 4
478 1494 624 1527 Quaerens
642 1496 675 1521 A.
692 1510 728 1513 —
749 1494 770 1521 Β
791 1492 817 1527 2,
840 1492 856 1520 6
875 1495 1036 1530 Respondit
1053 1496 1088 1522 A.
1102 1511 1137 1515 —
1160 1493 1181 1522 Β
1201 1494 1229 1529 2,
1249 1495 1265 1523 7
1286 1497 1369 1524 Haec
1388 1505 1454 1525 earo
1475 1499 1534 1526 AB.

243 1547 281 1550 —
302 1530 322 1557 Β
337 1530 363 1566 2,
384 1530 402 1560 8
425 1531 475 1558 sed
494 1533 601 1568 ubique
620 1541 672 1567 pro
695 1541 741 1559 me
753 1531 811 1560 AG.
831 1546 868 1550 —
889 1531 908 1557 Β
924 1530 949 1567 3,
970 1532 988 1560 8
1009 1541 1071 1560 esse
1086 1533 1159 1561 fehlt
1169 1534 1204 1560 A.
1225 1548 1261 1552 —
1284 1532 1304 1560 Β
1318 1532 1345 1568 3,
1367 1532 1383 1560 9
1397 1535 1432 1562 111
1445 1545 1534 1573 regno

244 1577 306 1596 esse
319 1569 360 1604 A;
380 1570 416 1597 In
434 1577 521 1605 regno
541 1578 578 1596 ne
600 1577 653 1596 nos
668 1570 697 1597 O.
719 1584 754 1589 —
776 1568 797 1596 Β
817 1566 844 1603 3,
867 1568 901 1596 10
921 1572 954 1596 ut
972 1578 1024 1597 nos
1046 1571 1081 1597 ab
1103 1579 1186 1598 omne
1199 1572 1237 1607 133
1262 1580 1299 1598 ne
1318 1580 1371 1599 1105
1388 1574 1534 1607 possimus

242 1607 393 1634 abesse-C.
426 1620 461 1624 —
487 1607 523 1633 In
542 1604 569 1634 3.
589 1606 671 1634 Noct.
692 1606 711 1632 A
734 1606 757 1641 1,
779 1605 796 1634 3
815 1606 913 1634 Pateri
932 1615 990 1634 non
1009 1608 1082 1634 talia
1102 1608 1159 1635 AC.
1185 1623 1217 1627 —-
1238 1609 1304 1636 Von
1326 1608 1345 1635 Β
1370 1608 1385 1635 1
1406 1611 1442 1637 ab
1462 1612 1536 1639 fehlt

243 1644 294 1670 das
315 1644 461 1679 Folgende
479 1645 511 1670 in
530 1644 563 1670 B.
603 1660 624 1663 —
658 1642 678 1670 Β
699 1642 724 1677 2,
745 1643 763 1671 2
782 1643 822 1671 Et
844 1644 916 1671 fehlt
935 1645 965 1672 O.
990 1659 1028 1663 —
1049 1643 1069 1670 Β
1094 1643 1120 1678 2,
1141 1644 1158 1673 3
1178 1646 1273 1681 Atque
1291 1650 1405 1674 noctem
1426 1656 1535 1677 cornua

186 1687 189 1690 ·
241 1681 275 1714 Α,
297 1690 366 1708 nece.
380 1689 491 1712 ,00101111
511 1680 542 1707 0.
562 1696 597 1700 —
619 1678 640 1706 Β
661 1679 688 1714 2,
707 1680 727 1708 4
745 1682 814 1709 Jam
831 1681 904 1708 fehlt
923 1681 988 1716 AG,
1009 1682 1046 1709 ad
1063 1682 1137 1709 fehlt.
1156 1684 1189 1710 A.
1210 1697 1247 1701 —
1269 1683 1287 1709 R
1307 1682 1334 1717 2,
1355 1681 1372 1705 ,0
1393 1689 1535 1721 perpetua

242 1726 312 1745 cura
331 1719 371 1751 A,
399 1721 507 1752 martyr
521 1720 569 1753 pie
589 1726 657 1745 cura
677 1718 708 1746 G.
734 1733 771 1737 ——-
800 1716 819 1743 Β
840 1716 871 1751 3,
898 1716 915 1745 2
934 1720 1127 1747 Tiburbitana
1145 1722 1178 1754 A,
1205 1721 1368 1749 Turbitana
1388 1723 1419 1749 G.
1445 1740 1481 1743 —
1509 1723 1529 1750 Β

241 1753 267 1788 3,
288 1753 306 1783 3
326 1764 360 1783 ac
378 1755 440 1783 filia
459 1755 489 1782 C.
514 1770 551 1773 —
576 1755 720 1789 Prosella,
746 1754 763 1782 2
791 1764 807 1782 o
827 1756 972 1791 Perpetua
990 1758 1024 1784 A.
1052 1772 1088 1777 —
1112 1757 1186 1785 Ibid.
1207 1756 1224 1785 5
1243 1759 1419 1787 turbulentis
1441 1760 1470 1788 C.
1497 1777 1536 1782 —

240 1792 314 1820 Ibid.
335 1792 352 1820 6
374 1802 408 1820 ex
427 1791 498 1819 fehlt
517 1792 548 1819 C.
570 1807 606 1811 —
633 1793 707 1820 Ibid.
727 1793 744 1819 7
763 1793 806 1821 Ut
824 1801 856 1820 se
875 1796 984 1822 serviat
1002 1794 1028 1821 A
1047 1797 1175 1823 servavit
1190 1796 1280 1831 igitur
1301 1796 1331 1823 O.
1358 1813 1389 1817 —
1421 1798 1495 1826 Ibid.
1516 1798 1534 1827 8

242 1830 278 1857 ab
298 1831 377 1858 fehlt..
403 1845 439 1850 —
458 1830 532 1857 Ibid.
552 1829 569 1857 9
589 1832 698 1857 cunctis
721 1831 878 1866 psallamus
900 1831 931 1858 C.
958 1847 996 1852 -
1014 1832 1088 1859 Ibid.
1110 1831 1145 1860 12
1164 1833 1226 1860 Τ110
1249 1834 1323 1861 fehlt
1342 1834 1374 1862 C.
1403 1849 1439 1853 —
1458 1837 1534 1864 Ibid.

244 1866 278 1894 16
297 1869 423 1904 psallens
444 1868 577 1903 angelica
596 1867 630 1902 A,
649 1868 730 1903 plebs
750 1868 883 1904 angelica
902 1869 934 1897 Ο.
960 1883 996 1888 -
1021 1870 1057 1896 In
1075 1871 1169 1898 Laud.
1190 1869 1212 1896 Α
1232 1870 1259 1904 2,
1279 1869 1297 1898 2
1316 1872 1358 1899 Et
1375 1876 1533 1907 proconsul

241 1905 392 1933 Armantio
412 1905 445 1933 A.
472 1920 509 1924 —
534 1904 556 1931 A
582 1904 614 1938 4,
640 1903 657 1931 2
684 1906 774 1933 Minis
795 1914 848 1932 nec
867 1914 983 1942 serpens
1003 1907 1043 1940 A,
1072 1908 1161 1936 officit
1177 1909 1236 1935 ΑΒ.
1260 1924 1297 1928 -
1317 1908 1340 1935 A
1360 1908 1386 1944 5,
1408 1908 1425 1936 2
1444 1912 1536 1939 Juxta

242 1944 300 1969 siti.
315 1958 350 1961 —
370 1944 415 1971 Ad
436 1943 539 1970 Bened.
561 1942 591 1976 A,
613 1940 630 1968 2
650 1944 727 1970 vitae
742 1943 850 1979 gaudia
864 1944 896 1970 A.
911 1960 947 1964 —-
966 1946 1002 1972 In
1022 1943 1047 1971 2.
1061 1946 1149 1982 Vesp.
1169 1946 1204 1973 ad
1218 1947 1315 1983 Magn.
1331 1945 1363 1981 A,
1377 1946 1394 1974 5
1409 1948 1533 1977 Matrem

241 1980 343 2015 abjicit
352 1981 499 2016 propriam
512 1981 546 2007 A.
567 1995 605 1999 —
623 1980 697 2007 Ibid.
712 1980 729 2007 7
742 1989 844 2008 manus
858 1981 893 2008 de
907 1990 958 2009 orn
971 1984 1130 2010 amantium
1143 1984 1176 2011 A.
1196 1999 1234 2003 ——
1247 1985 1321 2012 Ibid.
1336 1983 1354 2012 8
1369 1988 1397 2012 et
1409 1988 1533 2021 gemina.

637 2071 681 2102 76.
719 2072 762 2103 De
780 2080 803 2102 s.
825 2071 917 2103 Petro
937 2072 1143 2113 Piperacensi.

378 2133 424 2164 In
452 2133 481 2164 1.
508 2132 724 2171 Vesperis.

455 2182 649 2218 Antiphonae.
929 2181 959 2212 2.
987 2179 1184 2214 Sacrosancti
1209 2185 1381 2222 praeconia

258 2226 287 2257 1.
314 2225 541 2257 Harmonizans
567 2228 672 2258 cantet
697 2225 837 2265 ecclesia,
1033 2228 1123 2260 Petri
1149 2229 1337 2262 confessoris

314 2272 397 2303 Dum
422 2273 534 2304 recolit
558 2273 645 2304 Petri
670 2273 831 2312 solemnia,
985 2273 1107 2306 Psallat
1130 2276 1208 2309 haec
1232 2276 1354 2312 familia.

313 2318 405 2350 Nunc
430 2320 574 2351 concinat
597 2320 720 2351 cantica
745 2320 857 2362 dulcia,
1032 2322 1169 2355 Vocibus
1194 2326 1326 2364 sonoriS,

314 2366 514 2405 Congaudeat
536 2366 650 2398 mentis
674 2367 804 2399 laetitia.
984 2367 1105 2408 Dignus
1131 2375 1180 2402 est
1202 2372 1363 2405 memoria.
