1651 2588
230 201 263 232 4.

232 399 264 428 5.

734 100 987 136 ——120—

292 199 438 231 Glorioso
463 202 628 232 coronatur

333 249 417 287 tuus,
441 247 575 287 Christe,
598 245 737 284 vernula,

287 294 365 332 Quia
389 293 450 324 tibi
475 294 636 330 voluntate

334 340 480 371 adhaesit
499 339 713 371 mundissima.

292 396 362 434 Ore,
387 399 492 427 mente
515 395 686 433 benedixit,

336 442 469 480 Christe,
495 445 548 474 tuo
572 442 699 484 nomini,

290 489 348 527 Qui
372 488 488 528 ubique
511 489 696 528 populorum

331 535 457 567 haberis
482 535 645 567 mirabilis.

235 592 265 624 G.
290 591 490 630 Aequitatem
513 591 731 630 amplectendo

230 864 261 896 1.

217 1048 254 1080 V.

230 1153 262 1183 2.

335 634 379 680 [et
401 635 496 681 viam]
519 638 664 677 justitiae

286 684 339 715 Ad
363 684 518 716 coelorum
543 685 674 716 tendens
698 692 796 723 regna

334 730 484 770 migravit
507 730 651 763 feliciter.

415 805 620 841 Responsoria.

286 862 394 895 Gentis
417 862 633 903 Francigenae

335 908 535 942 chlodovaeo
562 912 689 949 sceptra
707 911 835 940 tenente

284 955 447 987 Ecclesiae
470 956 589 988 nardus

333 1001 406 1033 felix
431 1006 516 1034 satus
541 1006 587 1034 est
611 1002 807 1043 Leonardus,

284 1048 330 1080 Ut
352 1057 434 1080 nova
457 1049 512 1081 lux
535 1049 652 1081 mundo

331 1095 505 1134 procedens
538 1098 702 1127 stemmate
735 1096 830 1127 claro.

288 1150 382 1182 Hunc
405 1160 462 1183 rex
487 1153 527 1184 de
551 1152 633 1183 sacri

330 1200 508 1237 susceptum
531 1197 618 1230 fonte
641 1198 762 1229 lavacri

286 1245 375 1277 Patri
399 1245 541 1285 Remigio

334 1292 563 1323 commendavit
586 1291 775 1332 venerando,

214 1338 251 1369 V.
279 1337 324 1369 Ut
347 1339 401 1377 pia
423 1338 580 1379 magnifici

231 1443 261 1474 3.

331 1388 514 1424 sequeretur
539 1386 624 1417 dicta
646 1385 797 1424 magistri.

285 1441 422 1480 Regibus
445 1440 630 1483 haerentum

329 1488 443 1519 vitavit,
465 1497 582 1520 morem
606 1490 782 1527 parentum,

284 1535 340 1567 Uti
365 1534 478 1567 militia

332 1590 391 1621 pro
416 1581 532 1613 Christi
556 1580 765 1620 philosophia,

286 1628 404 1660 Terrea
430 1628 624 1667 contempsit,

329 1675 405 1706 solis
430 1674 616 1706 coelestibus
639 1673 750 1705 haesit.

283 1730 445 1761 Libertate
470 1731 545 1762 data

330 1776 443 1807 vinctis
466 1777 567 1816 patris
591 1784 686 1815 prece
709 1784 800 1807 sacra

285 1824 437 1857 Claustris
461 1823 598 1865 exibant,

331 1871 371 1902 ad
387 1871 518 1909 propria
534 1870 647 1910 quique
663 1869 827 1909 redibant3

284 1918 325 1949 Os
347 1916 426 1956 ,iusti
448 1918 562 1957 pietaS,

333 1972 426 2003 quam
448 1963 560 1996 laudat
574 1972 666 1995 sexus
684 1965 716 1994 et
732 1965 828 1994 aetas.

345 2077 388 2108 In
414 2077 445 2108 2.
471 2076 607 2108 Noctu
618 2084 700 2107 rno.

424 2141 616 2177 Antiphonae.

249 2224 256 2231 .
282 2197 363 2229 Dolo
390 2202 477 2230 caret
500 2199 600 2230 sancti
625 2199 690 2230 vita

331 2245 464 2277 veritate
486 2246 602 2285 lueida,

280 2291 375 2323 Unde
399 2291 473 2324 Sion
496 2293 611 2324 montis
636 2294 746 2324 nactus

331 2341 379 2369 est
401 2348 485 2371 nunc
507 2340 721 2373 tabernacula.

903 198 934 230 2.

960 197 1071 229 Cordis
1097 197 1127 227 ei
1152 196 1347 227 voluntatem

1007 243 1155 281 tribuisti,
1181 242 1327 283 Domine,

961 289 1147 322 Coronando
1173 297 1243 320 eum
1269 288 1364 328 digne

1008 345 1123 368 corona
1146 336 1297 368 laetitiae.

961 394 1166 425 Innocentum
1191 392 1254 423 iter
1277 400 1410 431 sequens

1007 439 1104 471 animi
1127 438 1283 470 munditia

958 486 1057 519 Jacob
1083 487 1171 518 scala
1194 485 1393 518 Hierusalem

1008 542 1108 565 novae
1130 533 1257 565 scandis
1280 534 1413 566 moenia.

959 589 1178 629 Sequestratus
1203 598 1222 620 a
1245 589 1391 628 malignis

1008 636 1112 676 dignis
1137 636 1222 668 vitae
1245 635 1385 667 moribus

957 683 1070 715 Eidem
1097 685 1270 722 conregnat
1293 683 1390 722 coelo,

1006 731 1093 769 cujus
1118 730 1221 761 haesit
1243 729 1402 764 laudibus..

924 811 932 818 .
959 786 1023 825 Sup
1028 795 1173 818 ernorum
1194 785 1387 825 jucundatur

1007 835 1159 865 concentu
1180 833 1372 874 hymnidico,

959 880 1055 919 Quem
1078 880 1112 912 in
1133 880 1228 911 terris
1253 881 1463 919 promerendo

1005 927 1186 966 suspirabat
1209 927 1325 958 animo.

926 1007 933 1014 .
960 983 1068 1015 Arbor
1094 983 1206 1014 cedrus
1230 985 1266 1013 ut
1289 983 1388 1014 odora

1004 1028 1160 1069 flagrabat
1183 1029 1362 1070 virtutibus,

962 1075 1074 1115 Nocte,
1102 1076 1153 1108 die
1176 1076 1352 1106 insistendo

1007 1123 1122 1155 divinis
1148 1122 1309 1162 operibus,

1095 1187 1300 1222 Responsoria.

925 1260 932 1267 .
958 1235 1115 1274 Tempore
1138 1237 1300 1266 transacto

1003 1282 1125 1321 prolem
1149 1281 1293 1320 paritura
1322 1282 1429 1322 virago

958 1328 1098 1360 Nutabat
1119 1328 1222 1359 dubiis

1003 1376 1087 1406 vitae
1111 1371 1241 1417 [regina]
1267 1374 1406 1415 periclis,

958 1422 1056 1461 Quam
1079 1421 1181 1452 sancti
1204 1421 1352 1460 precibus

1004 1468 1126 1499 curavit
1150 1468 1268 1499 coelica
1290 1468 1402 1503 virtus.

963 1525 1022 1563 Qui
1047 1524 1166 1563 quadro
1191 1526 1292 1555 totum

1001 1571 1176 1610 perlustrat,
1195 1568 1324 1602 flumine
1344 1573 1504 1612 mundum,

963 1617 1024 1648 Per
1049 1617 1150 1648 sancti
1172 1618 1292 1649 meritis
1317 1622 1444 1658 puteum

1000 1664 1104 1703 replet
1125 1664 1211 1695 illico
1235 1664 1390 1705 lymphis3

958 1711 982 1743 Ο
1009 1710 1127 1742 Christi
1148 1711 1259 1752 virtus,

1001 1766 1062 1797 qua
1082 1758 1160 1796 justi
1184 1758 1231 1789 sic
1256 1758 1453 1794 decorantur.

922 1837 928 1843 .
955 1813 1000 1845 Ut
1022 1812 1136 1845 lucifer
1159 1814 1258 1846 radiis

998 1861 1504 1904 micathicpaterundiquesigniS‚

955 1908 1090 1939 Lumina-
1115 1908 1193 1939 dans
1218 1910 1329 1949 caecis,

1002 1954 1151 1986 virtutem
1176 1956 1306 1988 coelitus
1331 1959 1442 2001 aegriS,

917 2024 925 2032 .
955 2000 1061 2041 Erigit,
1085 2004 1116 2032 et
1141 2002 1269 2034 claudos

1002 2057 1040 2079 ac
1063 2048 1159 2081 solvit
1183 2058 1310 2081 carcere
1335 2050 1467 2085 clausos.

924 2128 932 2135 .
958 2104 982 2136 Ο
1007 2103 1197 2137 Leonharde
1218 2108 1322 2146 pater,

1003 2151 1131 2190 pietatis
1157 2155 1189 2183 et
1211 2152 1310 2184 ubere
1331 2156 1441 2196 mater,

956 2198 1097 2237 Impetra
1120 2199 1212 2231 nobis

1003 2254 1096 2277 sacra
1117 2255 1213 2285 prece
1237 2247 1354 2286 gaudia.
1376 2248 1467 2287 lucis,

955 2291 1022 2330 Qua
1045 2293 1157 2324 rutilas
1183 2292 1271 2333 felix,

1008 2347 1077 2369 cum
1102 2340 1229 2372 Christo
1256 2340 1426 2373 deliciaris.
