1650 2587
677 117 933 150 —226—

163 219 201 250 V.
236 218 325 249 Fana
348 224 470 256 quoque
493 215 552 247 Dei
576 214 694 253 templa

283 265 355 296 dum
380 263 513 295 solerter
538 262 708 300 consecrat,

235 311 365 343 Animas
392 311 541 349 deceptae
564 308 667 348 plebis

278 358 369 389 sedes
394 356 454 388 Dei
476 357 655 395 praeparat.

176 435 206 466 3.
234 433 258 465 Ο
284 433 370 464 sidus
395 430 585 471 pontificale,

279 479 329 511 vir
352 477 595 517 misericordiae,

230 526 401 558 Exorando
428 523 598 556 Christiani

280 581 333 604 vas
356 573 498 603 restaura
521 570 639 609 populi,

233 619 297 651 Vas
326 620 501 658 quassatum
527 616 580 656 qui
605 615 780 647 chrismalis

281 664 436 704 reparasti
459 664 519 695 olei
531 673 539 702 3

166 713 203 744 V.
232 712 393 750 Templum
419 711 489 752 Dei,
525 709 608 749 quod
632 708 665 740 in
689 708 780 739 nobis

279 758 362 790 vitiis
390 757 610 796 destruximus,

233 806 281 837 Tu
305 807 456 846 restaura,
481 806 573 843 pater
597 804 717 841 sancte,

283 851 402 883 meritis
428 853 459 882 ct
482 850 641 890 precibus,

298 1020 344 1051 In
370 1021 400 1052 3.
428 1018 653 1050 Nocturno.

369 1113 574 1148 Responsoria.

183 1191 211 1222 l.
239 1188 440 1220 Sacerdotum
466 1188 620 1229 diadema,

283 1235 356 1266 viva
380 1234 497 1266 Christi
520 1234 631 1276 hostia,

236 1282 359 1313 Dextra
382 1281 442 1312 Dei
466 1284 497 1312 tc
521 1284 631 1312 orante

282 1337 338 1360 nos
362 1328 464 1359 salvet
488 1330 518 1358 et
542 1327 670 1367 muniat,

237 1377 334 1413 Quam
358 1374 467 1405 vidisti
492 1374 532 1405 ad
557 1374 658 1405 altare

282 1421 413 1452 offerens
435 1420 603 1460 libamina,

166 1469 205 1502 V.
235 1468 419 1507 Designavit
445 1468 556 1499 dextra
581 1467 657 1507 visa,

278 1515 326 1545 ire
350 1518 381 1545 te
405 1514 446 1546 ad
471 1522 586 1553 supera

236 1561 286 1592 Ac
310 1560 472 1592 confestim
497 1561 689 1599 sempiterna

284 1608 426 1639 coronari
449 1608 558 1647 gloria.

177 1684 207 1714 2.
235 1683 333 1714 Sacra
356 1681 430 1713 fisus
455 1682 575 1713 visione

285 1731 412 1760 sanctae
435 1728 496 1759 Dei
522 1729 679 1769 dexterae,

241 1775 370 1807 Praesul
394 1779 520 1807 sanctus
545 1775 750 1814 migraturum

284 1822 386 1853 sciens
410 1830 444 1852 se
466 1822 507 1853 ad
531 1821 711 1861 Dominum,

238 1869 360 1900 Vocans
388 1869 504 1900 clerum
526 1868 737 1908 populumque

286 1916 389 1955 aperit
412 1915 589 1947 oraculum:

169 1963 206 1995 V.
238 1962 389 2003 Christus,
416 1962 526 2002 inquit,
553 1962 603 1993 cui
627 1962 752 2004 servivi,

285 2012 378 2040 vocat
400 2018 450 2040 me
474 2009 514 2041 ad
539 2018 662 2048 supera,

238 2056 306 2096 Ego
331 2056 392 2087 sibi
414 2065 470 2088 vos
495 2056 676 2087 commendo

285 2103 463 2142 relinquens
487 2103 657 2134 terrestria.

998 210 1014 241 I
1022 220 1043 241 n
1065 209 1093 241 L
1102 219 1122 242 a
1132 219 1152 241 u
1165 210 1233 241 dib
1243 219 1298 244 us.

1051 260 1246 296 Antiphonae.

848 305 880 337 1.
904 304 960 344 Te,
985 304 1126 336 Romane
1151 312 1251 343 sacer,

953 351 1106 383 Dominus
1139 351 1318 390 praecinxit
1339 350 1458 383 honore

905 398 949 430 Et
975 397 1073 429 fultus
1098 398 1164 429 vita

953 445 1033 476 vivis
1057 445 1090 476 in
1115 453 1189 476 arce
1213 444 1288 483 poli.

874 526 881 533 .
907 502 980 534 Jam
1001 500 1137 540 jubilate
1161 500 1228 532 Deo

953 548 1047 579 talem
1072 547 1231 579 laudando
1256 550 1424 587 patronum

903 594 947 626 Et
967 594 1056 626 vobis
1082 593 1196 625 festum

954 642 1037 673 huno
1062 641 1220 672 celebrate
1246 641 1337 674 diem.

874 722 882 731 .
908 697 955 730 Ob
980 698 1107 729 laudem
1131 697 1259 729 Domini

954 744 1098 784 vigilavit
1121 747 1213 775 nocte
1239 745 1355 784 dieque

903 791 947 823 Et
972 791 1051 823 sitiit
1076 791 1234 823 Christum

952 847 1076 878 semper
1101 838 1191 870 adire
1213 838 1326 872 Deum.

875 922 882 929 .
907 895 992 927 Ecce
1016 895 1088 936 tuis,
1113 894 1286 935 Abraham,

955 943 1082 982 gremiis
1115 942 1290 983 gaudenter
1316 942 1461 974 inhaeret

908 988 952 1020 Et
980 990 1058 1021 coeli
1082 998 1189 1029 regem

954 1044 1038 1067 nunc
1061 1036 1222 1068 benedicit
1244 1045 1349 1068 ovans.

875 1116 883 1123 .
908 1091 994 1132 Ergo
1018 1092 1120 1123 Deum
1146 1093 1225 1124 coeli

955 1139 1059 1169 cuncti
1083 1139 1211 1171 laudate
1235 1138 1373 1181 benigni,

906 1184 964 1223 Qui
987 1185 1075 1217 vobis
1100 1186 1193 1217 talem

954 1232 1049 1263 cessit
1072 1232 1184 1264 adesse
1208 1235 1342 1272 patrem.

1024 1287 1071 1315 Ad
1088 1288 1271 1315 Benedictus.

870 1356 878 1364 .
907 1332 1020 1364 Pastor
1046 1332 1191 1371 clemens,

955 1379 1028 1411 viva
1051 1378 1112 1410 Dei
1135 1378 1247 1418 hostia,

910 1426 1024 1458 Sancta
1051 1425 1111 1456 Dei
1137 1425 1267 1456 dextera

909 1473 977 1504 Tua
1001 1481 1096 1512 prece
1119 1472 1256 1512 gloriosa

954 1529 1011 1551 nos
1033 1520 1135 1551 salvet
1159 1522 1191 1550 et
1214 1519 1344 1558 muniat,

906 1566 1005 1605 Quam
1029 1566 1137 1597 vidisti
1162 1566 1203 1597 ad
1227 1566 1328 1597 altare

958 1613 1090 1645 offerens
1115 1612 1276 1644 libamina.

981 1680 1026 1711 In
1052 1681 1082 1712 2.
1110 1679 1324 1718 vesperis.

1028 1730 1073 1757 Ad
1091 1729 1269 1765 Mag-nificat.

876 1800 882 1807 .
914 1774 1018 1805 Decus
1041 1782 1141 1813 omne,
1166 1783 1259 1815 nunc,
1286 1775 1436 1815 Romane,

959 1819 1119 1852 confessor
1144 1822 1278 1862 egregie,

912 1869 994 1900 Vota
1017 1876 1147 1906 precum
1172 1867 1358 1900 famulorum

961 1915 1091 1954 dignare
1115 1915 1285 1957 suscipere,

912 1961 956 1993 Ut
979 1962 1040 1993 tuis
1065 1962 1247 2001 redemptor
1269 1963 1354 1995 orbis

959 2008 1093 2041 assiduis
1117 2009 1264 2049 precibus

912 2055 978 2087 Nos
1002 2059 1152 2096 purgatos
1177 2066 1196 2089 a
1214 2058 1354 2096 peccatis

956 2103 1069 2143 J'ungat
1093 2104 1173 2136 coeli
1197 2104 1327 2137 civibus.

243 2167 325 2194 Brev.
346 2176 397 2194 ms.
419 2167 447 2194 S.
467 2167 600 2194 Audoeni
619 2167 807 2202 Rotomagen.
830 2175 904 2194 saec.
927 2165 971 2195 13.
992 2168 1062 2195 Cod.
1083 2169 1270 2204 Rotomagen.
1294 2169 1356 2198 192.
1372 2172 1406 2198 A.
1428 2186 1463 2190 —

168 2205 250 2232 Brev.
277 2214 329 2232 ms.
349 2205 562 2241 Rotomagense
589 2213 662 2232 saec.
686 2202 728 2231 15.
751 2204 820 2231 Cod.
844 2203 1081 2241 Sangenovefian.
1102 2207 1171 2235 BBl.
1192 2205 1286 2235 ὟΨΠΙ0
1307 2206 1352 2236 20.
1372 2210 1406 2235 B.
1428 2224 1463 2228 —

169 2243 252 2270 Brev.
280 2251 332 2270 ms.
358 2243 570 2278 Rotomageuse
599 2250 672 2270 saec.
702 2240 746 2269 15.
774 2242 842 2269 Cod.
868 2242 1056 2280 Rotomagen.
1084 2242 1148 2272 201.
1177 2245 1208 2272 C.
1238 2260 1272 2264 —
1299 2247 1383 2273 Brev.
1410 2255 1463 2273 ms.

168 2281 350 2307 Lexoviense
369 2289 441 2308 saec.
464 2279 506 2308 15.
529 2281 738 2311 (Privatbesitz)
759 2280 795 2307 D.

243 2318 269 2344 A
295 2317 347 2344 hat
370 2319 565 2346 monastische
585 2319 736 2353 Ordnung,
765 2317 947 2354 interpoliert
971 2319 1184 2355 infolgedessen
1207 2321 1263 2348 den
1281 2322 1356 2349 Text
1375 2322 1466 2349 durch

169 2357 286 2383 weitere
305 2356 472 2390 prosaisehe
491 2356 621 2383 Zusfitze.
647 2371 684 2375 —
709 2356 745 2383 In
770 2352 796 2382 3.
816 2356 900 2384 Noct.
922 2353 942 2381 R
964 2353 981 2383 3
1001 2358 1159 2391 prosaisch.
1189 2373 1222 2377 —
1252 2359 1402 2393 Hymnen:
1434 2361 1465 2386 in

170 2394 273 2429 Vesp.:
298 2393 435 2421 Exsultat
453 2394 672 2430 conjubiland03
692 2394 724 2421 in
743 2393 849 2422 Laud.:
871 2394 895 2422 O
915 2395 1063 2430 praeclare
1081 2396 1165 2423 miles
1187 2396 1304 2423 Christi.
