1650 2587
724 124 884 159 —223
935 145 978 150 -

336 219 383 251 In
409 221 440 252 2.
466 219 524 251 No
538 220 698 252 cturno.

416 283 611 320 Antiphonae.

213 339 244 372 1.
270 339 424 372 Nostrum
434 341 546 383 Deum,
556 344 698 373 nostrum
707 343 822 383 lumen,

317 388 468 429 Roberte,
492 389 561 421 sine
585 390 717 431 macula,

273 433 504 476 Contemplaris
530 435 648 468 Christi
672 447 797 478 numen,

320 481 397 514 Cum
415 492 475 522 quo
490 492 603 524 regnas
615 492 675 523 per
687 485 822 516 saecula.

215 540 246 571 2.
273 537 497 576 Quotidianum
520 539 656 579 petimus

270 584 399 625 Panem,
427 585 561 625 Christe,
587 587 644 618 sed
670 587 803 620 vivimus

267 630 339 663 Non
364 632 397 663 in
422 641 505 672 pane
530 634 687 672 corporali

272 677 335 710 Sed
360 679 394 710 in
419 680 516 711 verbo
540 680 687 719 spiritali.

238 759 246 768 .
271 734 323 766 Da
347 735 576 768 sustinentibus

319 782 367 813 Te
390 792 512 824 pacem,
538 782 683 825 Domine,

272 828 406 861 Roberti
430 830 588 870 precibuS,

320 875 416 915 Cuius
441 878 593 917 regimine

269 922 323 954 Ad
348 925 381 954 tc
405 923 599 964 confugimus

269 968 313 1001 Et
338 970 419 1002 salvi
444 971 569 1003 erimus

237 1049 245 1056 .
271 1023 373 1056 Nobis
398 1028 499 1058 sancti
525 1026 656 1067 spiritus

316 1072 413 1103 Adsit
436 1077 546 1105 sancta
569 1075 672 1113 gratia

317 1117 437 1151 Nostra
458 1130 597 1161 purgans
622 1121 709 1162 vitia,

269 1164 314 1197 Et
337 1166 423 1197 idem
446 1167 620 1206 paraclitus

269 1213 425 1245 Amoveat
448 1215 584 1254 penitus,

316 1259 402 1298 Quae
424 1264 498 1292 sunt
520 1261 611 1293 nobis
637 1263 739 1296 noxia.

236 1341 243 1348 .
269 1314 386 1357 Hodie,

269 1362 344 1395 Dux
368 1363 509 1396 Roberte
532 1365 671 1408 praevie,

271 1409 362 1449 Roga
386 1420 493 1452 regem
514 1412 642 1452 gloriae,

272 1456 318 1488 Ut
341 1459 415 1489 tuae
438 1458 579 1491 familiae

271 1503 443 1544 Largiatur
467 1507 579 1538 veniae

269 1550 388 1583 Munus
413 1555 508 1593 atque
533 1554 664 1594 gratiae.

236 1632 244 1640 .
270 1606 315 1640 Et
338 1608 366 1639 si
389 1618 451 1641 non
476 1611 655 1651 meruimus,

267 1654 396 1687 Habere
423 1656 582 1690 Christum
606 1659 774 1691 Dominum

270 1702 368 1741 Quem
395 1705 495 1744 culpis
521 1704 716 1748 offendimus,

268 1751 387 1791 Regem
409 1761 517 1792 regum
543 1753 690 1796 omnium,

266 1803 386 1836 Tamen
411 1803 507 1834 simus
534 1801 612 1833 certi

270 1850 422 1883 Precibus
447 1848 590 1888 Roberti,

778 1684 785 1700 ²

272 1898 306 1932 Si
330 1907 389 1930 nos
415 1896 654 1933 correxerimus„

270 1946 360 1986 Quod
386 1945 502 1977 salvati
528 1943 652 1976 erimus.

410 2029 617 2065 Responsoria.

234 2118 241 2125 .
268 2089 403 2124 Dimitte
427 2090 537 2120 nostra
562 2085 681 2125 debita,

317 2138 387 2169 Rex
411 2136 475 2176 pie,
500 2144 557 2167 rex
582 2132 686 2174 fortis,

270 2185 353 2218 Nam
377 2183 579 2216 submisimus
605 2182 711 2222 capita

316 2233 397 2271 Jugo
422 2233 495 2263 tuae
519 2229 625 2270 sortis,

316 2278 468 2312 Transire
491 2279 601 2318 portas
625 2277 736 2309 mortis

268 2326 339 2359 Fac
362 2334 421 2365 per
444 2324 578 2357 Roberti
601 2324 717 2356 merita

270 2375 316 2409 Et
341 2374 403 2406 duc
423 2372 466 2404 ad
489 2372 560 2404 loca
584 2371 695 2403 inclita

314 2419 489 2461 Angelicae
515 2418 661 2452 cohortis.

881 220 919 252 V.

893 373 924 403 2.

950 220 1049 253 Nobis
1073 218 1291 259 peccatoribus

950 267 1000 299 De
1024 270 1055 299 te
1080 264 1302 297 confitentibus

997 316 1111 347 Pacem
1137 313 1177 345 da
1201 322 1269 345 cum
1293 313 1420 347 sanctis,

950 371 1068 403 Debita

950 418 1081 459 Relaxa‚
1106 425 1163 448 nos
1188 416 1292 457 visita,

951 464 1071 497 Habita

951 513 990 544 In
1013 512 1103 543 nobis
1130 512 1162 540 et
1185 510 1217 541 in
1241 510 1337 541 soIita

952 559 1075 590 Pietate
1097 557 1199 596 cogita

951 605 1000 637 De
1024 604 1114 637 nobis
1138 603 1225 635 Deus
1247 604 1304 643 ita,

952 653 996 685 Ut
1019 659 1143 690 semper
1167 651 1232 682 sint
1254 651 1373 690 placita

951 699 1024 731 Tibi
1046 700 1155 731 nostra
1177 699 1299 736 merita,

949 747 1069 778 Nostra
1094 744 1224 776 crimina

951 794 1087 825 Deleant
1110 791 1301 832 precamina,

952 850 1040 882 Sicut
1062 848 1217 881 matutina
1240 848 1334 879 steila

996 896 1054 928 Vir
1077 895 1235 928 Robertus
1261 895 1374 926 claruit

949 944 995 976 Et
1019 948 1052 975 ut
1075 951 1152 982 apes
1177 941 1266 973 nobis
1290 940 1386 973 mella

998 989 1186 1022 Laborando
1210 988 1358 1028 praebuit

951 1038 996 1069 Et
1019 1036 1118 1068 hostis
1143 1035 1264 1075 antiqui
1287 1035 1373 1067 bella

1000 1084 1084 1114 Vicit
1109 1085 1141 1113 et
1163 1082 1351 1121 praevaluit,

950 1131 1065 1162 Mundi
1090 1129 1182 1168 hujus
1207 1137 1265 1160 nec
1289 1128 1430 1167 procella

999 1178 1108 1216 Ipsum
1132 1184 1269 1215 unquam
1293 1175 1415 1213 terruit,

949 1225 994 1256 Et
1017 1224 1103 1256 Deus
1128 1222 1177 1253 his
1202 1222 1321 1254 meritis

999 1270 1070 1312 fuit,
1096 1272 1145 1300 est
1169 1272 1201 1300 et
1225 1269 1286 1300 erit
1308 1268 1370 1301 sibi
1393 1269 1489 1300 mitis.

953 1328 1019 1359 Nos
1045 1326 1097 1367 qui
1120 1334 1225 1357 sumus
1245 1326 1278 1356 in
1302 1326 1363 1359 hoc
1386 1324 1502 1356 mundo

955 1375 1110 1406 Vitiorum
1133 1373 1168 1404 in
1192 1371 1362 1412 profundo,

950 1422 1136 1454 Studeamus
1162 1420 1258 1451 corde
1280 1418 1407 1458 mundo,

953 1470 999 1502 Ut
1022 1469 1056 1500 in
1080 1467 1220 1500 adventu
1243 1466 1381 1498 secundo

952 1516 1061 1549 Parati
1087 1517 1118 1545 et
1142 1514 1221 1545 tales
1246 1514 1352 1545 simus.

953 1563 1041 1602 Quod
1067 1564 1207 1602 peccata,
1237 1569 1317 1600 quae
1341 1559 1504 1600 gessimus,

951 1610 1058 1643 Judox
1084 1608 1223 1641 dimittat
1246 1608 1377 1647 opimus.

950 1657 1155 1690 Dimittimus
1171 1655 1362 1687 dabitoribus
1374 1656 1503 1696 nostras,

952 1714 1035 1745 quae
1057 1703 1095 1737 in
1118 1702 1210 1735 uobis
1226 1703 1448 1742 peceaverunt.

1013 1800 1060 1833 In
1086 1799 1116 1832 3.
1142 1797 1370 1829 Nocturno.

1089 1863 1134 1892 Ad
1155 1862 1284 1891 Cantica.

949 1922 1155 1956 Debitoribus
1177 1922 1325 1962 jubemur

953 1971 1123 2005 Dimittere
1148 1972 1180 2001 et
1205 1969 1352 2001 docemur

949 2019 988 2051 In
1014 2017 1146 2050 seientia
1167 2017 1286 2048 morari

950 2066 995 2098 Et
1014 2066 1046 2097 in
1072 2073 1166 2098 sensu
1190 2064 1347 2096 meditari.

1091 2130 1298 2163 Responsum.

952 2179 1078 2212 Nostris
1103 2186 1200 2218 parce
1223 2178 1364 2209 reatibus

954 2227 1021 2259 Nos
1046 2228 1216 2266 protegens
1240 2225 1273 2257 in
1299 2224 1453 2265 omnibus,

998 2275 1095 2317 Deus,
1120 2273 1295 2313 plasmator
1320 2272 1464 2312 hominis,

952 2324 1058 2362 Atque
1082 2320 1214 2354 Roberti
1240 2321 1387 2360 precibus

955 2370 1089 2410 Adauge
1113 2368 1229 2400 nostris
1253 2368 1398 2400 sensibus

998 2419 1148 2450 Amorem
1173 2416 1219 2448 tui
1243 2416 1388 2456 nominis,
