1651 2588
728 84 985 119 *154—

289 183 371 210 Brev.
399 189 451 209 ms.
472 180 641 208 Theoderici
662 187 735 206 saec.
759 175 802 204 14.
826 177 893 204 0011.
913 177 1031 204 Romen.
1054 173 1107 203 192
1127 174 1211 208 (208).
1238 190 1276 194 —
1297 175 1353 202 Die
1374 176 1411 201 im
1431 174 1505 201 Vov-

215 219 372 247 stehenden
393 219 544 247 fehlenden
563 218 645 246 Teile
667 217 732 243 sind
752 215 910 250 prosaisch.

652 354 699 384 58.
738 353 782 384 De
800 353 910 383 sancta
926 351 1060 382 Martha.

345 445 390 476 In
417 443 449 476 1.
472 441 688 482 Vesperis.

420 516 612 550 Anfiphonae.

224 578 255 611 1,
280 575 377 607 Gesta
399 574 547 607 Marthae
570 572 706 613 gloriosa

328 623 442 662 Pange,
466 621 582 661 lingua,
608 619 753 657 Domino,

277 669 372 709 Virgo
397 667 455 699 fuit
482 670 513 698 et
539 666 659 698 famosa

326 716 400 747 Sine
423 714 489 745 ullo
513 713 657 745 termino.

222 785 252 815 2.
280 781 381 814 Claris
406 782 476 812 orta
500 779 657 811 natalibus

321 828 389 860 Deo
416 835 488 858 cara

278 875 343 906 Piis
368 874 515 915 splendet
538 873 685 913 operibus

325 922 396 953 Non
421 929 525 953 avara.

219 991 251 1024 3,
275 987 343 1019 Deo
367 988 452 1019 vitae
475 985 680 1025 primordium

323 1034 423 1066 Recta
446 1042 556 1064 norma

275 1080 393 1112 Dicans
418 1079 484 1110 sive
507 1079 644 1111 medium

324 1128 399 1159 Pari
421 1125 532 1158 forma.

221 1196 252 1227 4.
276 1192 378 1224 Virile
403 1191 639 1223 contubernium

323 1238 493 1279 Impolluta

278 1286 409 1325 Semper
434 1293 545 1316 cavens
570 1287 605 1316 ut
628 1285 766 1324 gladium

323 1331 444 1364 Mansit
466 1334 546 1363 tuta.

222 1401 253 1433 5.
277 1398 401 1437 Mundi,
429 1397 530 1428 carnis
551 1396 709 1428 illccrebis

326 1446 475 1476 Virtuosa

279 1492 416 1524 Calcatis
439 1490 520 1522 vixit
542 1490 673 1522 celebris

329 1538 484 1570 Gratiosa.

401 1620 448 1648 Ad
465 1621 643 1656 Mag-nificat.

210 1687 251 1719 A.
281 1687 421 1727 Simplex
446 1685 507 1718 fuit
529 1687 647 1726 absque
672 1686 784 1718 fraude

280 1735 473 1774 Angelorum
500 1734 595 1774 digna
618 1734 713 1766 laude

325 1782 363 1813 In
387 1782 447 1813 hac
469 1781 552 1812 valle
575 1780 730 1820 miseriae,

280 1826 343 1860 Pro
368 1837 493 1866 corona,
518 1831 614 1867 ‘terra'
638 1828 765 1869 plaude,

282 1875 343 1907 Pro
369 1875 504 1916 concive,
532 1874 661 1914 coelum,
688 1875 790 1915 gaude

328 1923 366 1954 In
390 1923 450 1954 hac
476 1922 527 1953 die
546 1921 696 1955 laetitiae.

346 2044 408 2076 Ad
431 2044 692 2075 Matutinum.

414 2118 626 2146 Invitatorium.

280 2184 457 2216 Adoremus
484 2188 665 2224 creatorem,

281 2232 399 2273 Jesum,
422 2232 531 2263 mundi
555 2231 752 2272 salvatorem,

282 2278 341 2316 Qui
364 2278 522 2310 Maribam
547 2278 641 2311 valde
665 2278 786 2321 dilexit,

280 2325 320 2358 In
344 2325 405 2356 hac
428 2325 480 2356 die
504 2326 591 2357 coelo
614 2325 710 2361 vexit,

883 1512 923 1542 V.

897 1662 928 1692 2.

1011 440 1026 471 I
1038 449 1059 470 n
1087 439 1115 471 1.
1145 439 1203 471 No
1215 441 1374 470 eturno.

1102 503 1297 539 Antiphonae.

920 588 927 593 .
952 561 1042 593 Haec
1066 564 1114 592 est
1136 562 1268 593 Martha
1291 560 1427 599 gloriosa

1001 608 1136 648 Christo,
1161 608 1246 647 patri
1270 616 1454 646 pauperum,

951 654 1105 687 Membris
1131 656 1198 694 ejus
1219 654 1390 694 fructuosa,

999 702 1106 742 Larga
1131 703 1236 734 datrix
1260 709 1433 732 munerum.

921 781 928 788 .
956 757 1050 797 Cujus
1074 761 1162 801 nutu,
1190 759 1278 798 cujus
1304 766 1379 788 cura

999 805 1149 837 Subsistit
1171 808 1203 837 et
1225 805 1345 844 regitur

952 852 1111 885 Universa
1136 857 1290 892 creatura,

1000 900 1051 931 Ab
1084 899 1145 931 hac
1174 899 1317 932 Christus
1349 898 1502 938 pascitur.

921 983 927 989 .
954 956 1051 995 Quem
1075 965 1168 988 sacra
1191 958 1279 997 virgo
1304 958 1434 990 lactavit

999 1005 1131 1037 Jacente
1156 1003 1330 1041 cunabulis,

952 1050 1083 1082 Martha
1105 1059 1251 1091 magnum
1276 1050 1431 1084 focillavit

1002 1097 1078 1129 Cum
1104 1098 1168 1129 suis
1195 1098 1368 1137 discipulis.

1087 1171 1294 1207 Responsoria.

920 1254 928 1262 .
953 1229 1102 1260 Exsultet
1126 1230 1244 1261 coelum
1270 1230 1426 1266 laudibus,

956 1275 1102 1307 Resultet
1125 1279 1213 1307 terra
1238 1277 1380 1308 cantibus

1000 1324 1036 1355 In
1062 1322 1210 1354 Marthae
1233 1324 1387 1366 natalitio,

955 1369 1140 1401 Gratuletur
1162 1370 1196 1401 in
1220 1371 1363 1402 omnibus

953 1417 1017 1448 Pro
1044 1416 1126 1448 datis
1150 1416 1212 1448 sibi
1235 1418 1379 1457 partibus

1000 1464 1038 1495 In
1062 1464 1122 1495 hoc
1146 1472 1235 1495 sacro
1260 1465 1421 1505 solemnio,

951 1509 1033 1541 Nam
1057 1509 1206 1542 Marthae
1238 1519 1352 1551 corpus
1379 1512 1505 1552 penitus

954 1557 1088 1597 Insignit
1111 1560 1238 1598 terram,
1264 1559 1395 1597 spiritus

1002 1603 1055 1635 Sic
1079 1604 1199 1635 coelum
1223 1604 1291 1636 sine
1317 1606 1422 1638 dubio.

954 1659 1053 1699 Frugi
1076 1658 1154 1691 forti
1178 1659 1295 1692 femina

956 1706 1054 1738 Sacra
1076 1707 1154 1737 serit
1178 1707 1299 1739 semina

1002 1753 1062 1785 Dei
1087 1753 1193 1795 verba,

953 1799 1071 1832 Christi
1095 1801 1194 1833 servis
1219 1803 1357 1841 tegmina

953 1847 1053 1878 Dedit
1076 1851 1170 1887 atque
1194 1848 1313 1881 famina

1003 1894 1072 1926 Non
1097 1896 1228 1936 acerba3

954 1942 1017 1973 Per
1040 1950 1131 1974 sacra
1155 1943 1329 1982 spiramina

956 1988 1009 2021 Sic
1034 1990 1189 2021 convertit
1212 1991 1338 2031 agmina

1003 2036 1060 2069 Sat
1082 2037 1227 2076 superba.

923 2117 930 2124 .
955 2092 1045 2124 Haec
1067 2093 1101 2124 in
1125 2093 1213 2125 miris
1237 2103 1300 2125 non
1326 2093 1451 2133 defecit,

956 2139 1020 2171 Sed
1043 2140 1077 2171 in
1101 2140 1150 2171 his
1175 2141 1270 2173 valde
1293 2140 1430 2180 profecit

1003 2186 1094 2218 Dono
1122 2187 1220 2226 ducis,

959 2235 1083 2272 Aquam
1100 2242 1220 2265 sacram
1240 2233 1313 2266 dum
1329 2234 1408 2265 haec
1417 2233 1505 2273 jecit,

958 2279 1030 2310 Vim
1056 2281 1200 2312 draconis
1224 2289 1297 2312 mox
1324 2280 1439 2319 dejecit

1005 2326 1099 2358 Valle
1119 2328 1229 2368 trucis,
