1650 2587
666 81 750 102 “-
800 77 938 113 54-

179 176 216 207 V.
247 176 285 206 In
310 176 526 214 argumentum
550 172 634 214 fidei,
868 174 899 205 2.
927 172 984 203 Vir
1009 171 1135 203 Domini
1161 170 1314 202 sollicitus

249 221 330 253 Dum
358 220 455 253 verbo
479 220 604 260 plebem
629 218 740 250 reficit.

218 301 224 307 .
251 277 352 309 Audit
375 274 555 317 praefectus
579 275 688 315 populi

251 325 364 357 Casum
390 323 499 354 domus
524 325 557 353 et
578 322 668 361 idoli,

251 370 297 402 Ut
321 370 471 410 rapiatur,
497 368 664 408 praecipit,

249 416 389 448 Calixtus
412 424 520 447 servus
545 415 683 455 Domini,

210 488 216 495 .
245 463 358 495 Furori
384 461 577 503 satisfacere,

248 510 314 549 Quo
338 508 543 548 torquebatur
566 510 703 547 pectore.

312 613 357 644 In
384 613 417 644 2.
442 611 667 643 Nocturno.

392 678 584 714 Antiphonae.

217 766 225 774 .
252 742 310 780 Qu1
336 739 494 773 confidens
520 741 552 772 in
576 740 711 772 Domino

252 788 390 820 Minanti
413 796 447 818 se
470 788 625 819 Palmatio

249 835 451 866 Praesentari
476 843 537 865 non
562 834 676 866 timuit.

217 917 224 924 .
250 891 341 931 Ruga
366 898 475 922 carens
501 893 533 920 et
556 891 679 922 macula

250 939 390 969 Aeterna
414 936 618 968 tabernacula

252 984 381 1024 Ingredi
404 983 527 1014 meruit.

198 1045 227 1071 ¹.
254 1041 358 1072 Vitam
381 1048 400 1071 a
424 1039 492 1071 Deo
516 1039 619 1081 petiit,

249 1087 348 1118 Dedit,
373 1088 404 1118 et
428 1086 649 1125 superaddidit

253 1133 406 1165 Coronam
428 1132 556 1171 gloriae.

219 1216 226 1223 .
253 1189 309 1220 Vir
334 1188 474 1222 Galixtus

300 1236 424 1267 celeber
447 1235 567 1266 meritis

252 1282 339 1314 Coeli
362 1282 465 1313 claves

299 1336 461 1360 successor
485 1327 619 1360 Simonis

250 1376 355 1414 Atque
378 1383 493 1413 curam,

298 1422 399 1453 ovium
425 1421 558 1460 suscipis

249 1469 368 1500 Romae
389 1470 421 1498 et
444 1467 539 1499 orbis.

217 1550 225 1558 .
251 1525 365 1557 Pastor
389 1522 491 1556 factus

300 1572 403 1611 gregis
427 1570 593 1610 Dominioi,

255 1619 383 1658 Virgam
408 1616 512 1648 ferens

300 1674 369 1696 cum
394 1663 471 1694 tuba
495 1664 605 1695 ductili

254 1711 388 1751 Gregem
413 1710 525 1749 pascit.

222 1795 228 1801 .
254 1767 345 1800 Tuba
368 1766 466 1798 mittit

297 1822 406 1846 sonum
432 1813 625 1851 horribilem,

253 1862 367 1893 Terret
392 1860 496 1891 hostes

299 1908 421 1948 longius
446 1907 575 1946 abigens

251 1955 302 1987 Ab
327 1954 412 1986 ovili.

389 2027 566 2064 Responsori
571 2036 595 2055 a.

220 2113 227 2120 .
253 2086 386 2118 Satelles
413 2086 536 2117 domum
563 2085 668 2126 subiit,

253 2133 318 2165 Ubi
345 2133 501 2165 Calixtum
527 2132 647 2174 didicit,

254 2180 313 2219 Qui
337 2180 452 2212 nebula
477 2180 686 2211 circumdatus

252 2226 412 2259 Caecitate
435 2227 622 2266 percutitur,

181 2274 221 2306 V.
249 2275 296 2307 Ut
321 2274 387 2306 viro
412 2274 473 2305 Dei
500 2274 644 2305 crederet

252 2321 321 2352 Nec
345 2320 419 2353 fidei
443 2321 614 2355 resisteret.

924 219 961 249 In
988 217 1180 249 deducendis
1205 215 1315 247 ovibus

924 264 1052 303 Virgam
1078 271 1147 293 cum
1171 262 1249 293 tuba
1273 262 1384 293 ductili

927 311 1027 342 Tenet
1052 311 1084 341 et
1106 307 1190 339 feras
1215 308 1323 347 abigit,

891 382 898 390 .
931 356 1001 388 Non
1030 355 1228 389 dormitando
1253 355 1415 394 palpebris

926 404 994 435 Nec
1020 403 1123 435 dando
1149 411 1290 433 somnum
1315 402 1425 435 oculis,

891 485 898 492 .
923 461 1006 493 Dum
1031 461 1155 491 recreat
1178 458 1211 490 in
1235 458 1370 490 Domino

925 507 1054 539 Fideles
1080 506 1164 537 vitae
1187 504 1314 545 pabulo,

929 554 1069 586 Calixtus
1094 554 1203 592 raptus
1228 552 1332 584 subito

926 599 1132 633 Concluditur
1156 599 1313 638 ergastulo

886 674 893 681 .
924 647 986 679 Pro
1011 646 1086 679 fidei
1111 646 1272 685 mysterio,

927 694 988 726 Pro
1014 693 1157 726 veritatis
1182 692 1296 724 studio.

990 788 1035 819 In
1066 788 1097 820 3.
1123 785 1347 820 NocturnO.

1065 851 1111 878 Ad
1132 850 1260 878 Cantica.

888 928 894 934 .
923 901 976 932 Ad
1001 908 1119 940 pascua

974 947 1061 979 ducit
1083 946 1244 977 uberrima

924 994 985 1026 Dei
1009 1001 1141 1033 pascens

972 1041 1024 1072 hic
1048 1039 1196 1072 animalia

925 1088 1056 1127 Semper
1080 1086 1242 1117 sollicitus.

1063 1151 1266 1185 Responsoria.

891 1223 899 1232 .
925 1200 1007 1231 Arta
1031 1200 1154 1230 clausus
1180 1198 1322 1229 custodia

924 1244 1115 1286 Profligatur
1135 1245 1252 1283 inedia,

922 1293 1088 1331 Tyrannus
1109 1291 1318 1323 interdixerat,

927 1339 967 1371 Ei
990 1338 1118 1379 quaevis
1144 1338 1259 1376 edulia,

888 1413 894 1419 .
924 1386 970 1418 Ut
994 1387 1044 1417 vel
1068 1385 1177 1424 poenis
1206 1385 1355 1417 deficeret

927 1433 986 1464 Vel
1010 1431 1091 1465 votis
1117 1432 1183 1471 eJ'us
1209 1433 1346 1464 cederet.

894 1513 900 1519 .
927 1489 1038 1520 Flores
1064 1490 1096 1518 et
1120 1488 1204 1520 laeta
1227 1488 1369 1528 gramina

927 1535 1041 1567 Mundi
1067 1534 1207 1566 Calixtus
1232 1539 1398 1574 spreverat,

927 1582 1095 1613 Desertum
1118 1582 1232 1613 mentis
1255 1585 1419 1623 appetens.

926 1628 978 1660 Ibi
1003 1630 1181 1660 constanter
1205 1638 1401 1672 permanens,

891 1698 897 1704 .
928 1676 1047 1708 Vanam
1073 1675 1207 1707 calcavit
1231 1676 1362 1715 gloriam

933 1722 975 1754 Et
998 1721 1159 1754 fallentem
1183 1723 1345 1755 insaniam.

900 1805 907 1812 .
932 1778 1105 1818 Expositus
1132 1779 1171 1810 ad
1197 1781 1306 1819 gravia

934 1825 1051 1857 Christi
1074 1826 1164 1857 miles
1189 1827 1345 1866 supplicia

930 1873 992 1904 Pro
1016 1872 1092 1904 fidei
1113 1874 1289 1905 constantia

929 1919 1107 1959 Torquetur
1130 1923 1236 1951 mente
1259 1922 1388 1960 placida

930 1966 992 1998 Dei
1017 1967 1197 2006 praedulcis
1223 1968 1335 2009 hostia,

890 2038 897 2045 .
930 2012 987 2045 Cui
1011 2014 1119 2046 vivere
1144 2014 1286 2046 Christus
1312 2019 1381 2048 erat

928 2059 972 2091 Et
996 2060 1074 2092 mori
1098 2061 1230 2093 lucrum.

1023 2156 1038 2186 I
1047 2165 1068 2186 n
1091 2154 1118 2186 L
1127 2164 1146 2186 a
1153 2164 1175 2186 u
1183 2156 1201 2187 d
1212 2156 1223 2186 i
1233 2155 1280 2186 bu
1289 2165 1313 2187 s.

1070 2219 1265 2255 Antiphonae.

872 2276 903 2307 1.
929 2277 1135 2308 Praecinctus
1160 2279 1282 2317 martyr

977 2322 1041 2355 fide
1064 2332 1125 2355 non
1152 2324 1279 2356 modica
