1650 2587
729 91 867 126 -53

262 188 358 228 Cujus
381 188 504 219 meritis
526 188 633 227 juvari

310 235 481 267 sentiamus
503 234 632 274 jugiter,

202 302 233 334 5.
258 300 385 332 Laudet
409 301 539 344 coelum,
566 301 676 333 laudet
699 304 796 342 terra,

307 347 410 379 Deum
431 348 564 380 laudent
587 349 692 380 omnia

262 394 466 427 Conditorem
489 395 524 426 in
548 395 634 427 beati

306 441 443 473 transitu
468 441 620 482 Caesarii,

260 488 358 527 Quem
377 487 519 520 Christus
537 489 628 521 nobis
645 491 813 529 patronum

308 534 453 567 conferat
475 538 673 576 perpetuum.

1008 188 1054 219 In
1080 188 1111 220 2.
1141 186 1354 225 Vesperis.

1056 250 1101 278 Ad
1119 250 1296 287 Magnificat.

870 301 911 334 A.
938 301 989 332 Ita
1011 308 1068 331 nos
1093 299 1210 331 amicus
1234 298 1295 330 Dei

989 345 1087 378 faeiat
1110 346 1273 378 Caesarius

942 393 1144 426 celebrantes
1168 393 1322 424 interesse

987 439 1108 471 festivis
1132 439 1353 480 praesentibus

937 487 1078 525 Gaudiis,
1105 487 1188 527 quod
1212 493 1388 517 mereamur

986 532 1109 573 perfrui
1132 533 1331 574 perennibus,

266 600 351 626 Brev.
372 598 543 627 Areiatense
562 601 630 635 imp.
645 599 757 627 Arelati
779 597 861 626 1501.
881 612 917 616 —
938 599 974 626 In
996 596 1020 624 1.
1034 597 1120 633 Vesp.
1143 598 1180 625 ad
1192 598 1292 632 Magn.
1307 593 1339 629 Α,
1360 593 1377 623 3
1390 595 1491 623 Liieke

189 646 249 664 von
273 638 335 664 vier
355 636 472 672 Silben3
501 638 669 665 Caesarium
697 638 823 673 ergfinzt.
853 652 877 656 —
900 636 936 663 In
958 634 982 663 1.
1003 635 1085 663 Noct.
1106 635 1129 662 Α
1152 633 1183 669 1,
1209 633 1226 662 5
1245 634 1434 669 Erectusque.
1453 647 1490 651 ‹—

189 672 213 701 Α
234 673 269 708 2,
298 673 312 701 1
335 674 435 702 Liieke
453 683 513 702 von
538 673 556 701 2
576 675 689 708 Silben3
712 677 774 703 erat
793 674 919 709 erganzt.
946 688 960 692 =

1011 671 1031 699 R
1052 670 1082 706 2,
1109 672 1125 701 5
1146 674 1286 709 quiverat,
1298 680 1330 699 se
1349 679 1490 698 corruere.

189 726 227 731 -—
252 712 288 739 In
312 710 338 738 2.
358 712 443 740 Noet.
464 711 486 738 Α
507 710 534 747 2,
561 711 578 740 5
599 712 643 739 Ad
663 714 734 748 ipse.
761 727 798 731 —
823 711 845 737 Α
868 709 894 745 2,
923 709 943 738 4
963 713 1085 738 terrena.
1113 725 1150 729 —
1177 708 1197 736 R
1220 708 1244 744 1,
1274 708 1290 737 9
1311 718 1353 745 sq.
1376 708 1490 735 unvoll-

189 750 314 786 standig.
341 763 378 768 —
404 747 424 776 R
446 748 471 784 2,
493 748 510 778 9
531 751 706 778 comitivam.
731 766 768 770 --
792 750 829 777 In
848 747 874 777 3.
894 749 978 777 Noet.
1000 746 1021 774 Α
1044 746 1068 779 l,
1105 747 1118 776 1
1140 748 1212 775 fehlt
1231 748 1296 775 eine
1315 746 1410 780 Silbeg
1436 746 1490 773 lies

189 788 335 824 Huneque
354 789 493 815 sanetus?
521 802 554 806 —
584 786 604 814 R
626 786 652 821 2,
673 787 690 815 7
710 796 752 824 sq.
774 790 819 815 est
837 795 916 822 puer.
945 802 982 807 —
1006 784 1026 812 R
1048 783 1073 820 ’3,
1093 784 1109 813 6
1130 789 1159 813 et
1178 787 1262 821 patri.
1286 800 1323 804 —-
1344 785 1379 811 In
1398 783 1490 811 Laud.

190 825 226 853 ad
247 825 353 853 Bened.
375 822 397 851 Α
418 825 576 862 prosaisch.

645 906 685 937 17.
724 906 768 936 De
788 906 894 937 saneto
916 904 1044 937 Galixto.

324 977 376 1008 In
404 976 433 1011 1.
459 976 679 1016 vesperis.

383 1040 428 1068 Ad
447 1040 626 1077 Magnificat.

188 1090 228 1121 A.
261 1088 447 1121 Gratuletur

308 1135 427 1169 Christi
451 1135 581 1174 familia,

261 1183 338 1214 Dies
362 1182 453 1214 nobis

306 1230 386 1261 haec
410 1229 511 1261 refert
534 1230 659 1271 gaudia,

261 1277 328 1316 Qua
351 1276 493 1309 Calixtus

307 1323 432 1355 victrici
456 1325 565 1356 laurea

261 1370 439 1403 Redimitus

307 1416 440 1449 intravit
463 1417 603 1456 aethera,

264 1464 348 1503 Tibi,
375 1463 509 1504 Christe,

308 1511 351 1542 sit
374 1511 443 1543 laus
469 1514 501 1543 et
524 1511 633 1551 gloria.

330 1605 390 1637 Ad
413 1605 676 1637 Matutinum.

398 1670 614 1698 Invitatorium.

260 1718 430 1759 Christum,
456 1727 560 1759 regem

307 1768 340 1798 et
363 1765 496 1798 formam
520 1767 703 1807 martyrum,

260 1814 448 1854 Adoremus‚

307 1861 403 1893 laude
426 1861 652 1902 dignissimum,

262 1908 322 1947 Qui
345 1908 539 1948 triumphum

310 1955 432 1988 Calixto
456 1956 601 1998 martyri,

266 2003 342 2036 Cum
367 2002 527 2043 triumpho

312 2058 459 2082 coronam
485 2050 628 2083 contulit.

319 2137 365 2169 In
392 2135 423 2169 1.
448 2135 678 2168 Nocturno.

409 2200 606 2237 Antiphonae.

201 2262 231 2295 1.
261 2260 395 2293 Sanctus
421 2260 563 2293 Calixtus
587 2257 731 2299 pontifex

258 2307 481 2341 Meditabatur
502 2306 621 2347 jugiter

259 2357 299 2389 In
323 2356 394 2396 lege
418 2354 556 2389 Domini.

884 977 916 1008 2.

884 1126 914 1158 3.

882 1276 913 1308 4.

942 975 1025 1007 Dum
1049 974 1110 1007 Dei
1134 976 1235 1014 legem
1260 974 1408 1015 explicat,

939 1021 1063 1053 Fremit
1083 1030 1212 1061 praeses
1235 1021 1351 1061 inania,

940 1068 1102 1100 Meditans
1126 1069 1215 1099 illum
1238 1068 1382 1107 perdere.

940 1124 987 1157 Ut
1009 1124 1161 1163 rapiatur,
1186 1125 1332 1167 imperat,

942 1171 1005 1203 Sed
1029 1171 1063 1202 in
1087 1174 1232 1211 raptores
1258 1172 1391 1203 caecitas

940 1218 1039 1249 Irruit
1063 1218 1177 1251 subito.

939 1274 1012 1306 Vim
1035 1274 1162 1306 virtutis
1185 1275 1318 1306 intuitus

941 1323 979 1354 In
1005 1320 1128 1353 Calixto
1153 1322 1326 1354 Palmatius

941 1369 994 1400 Ad
1019 1368 1187 1400 Dominum
1213 1369 1415 1402 convertitur.

909 1451 917 1458 .
945 1424 1049 1456 Verba
1073 1425 1174 1456 sancti

987 1471 1126 1510 percipit
1148 1471 1302 1503 Dominus

943 1518 1020 1551 Cum
1046 1518 1182 1550 clamore

987 1566 1139 1605 gementis
1163 1565 1304 1605 spiritus,

939 1612 984 1644 Et
1008 1612 1173 1644 exauditus
1199 1615 1254 1644 est.

906 1694 913 1701 .
940 1669 977 1701 In
1003 1671 1067 1708 tuo,
1092 1668 1188 1708 Deus,
1215 1669 1340 1700 nomine

938 1716 1042 1748 Multo
1068 1716 1225 1756 signorum
1251 1725 1348 1756 opere

940 1763 1080 1796 Calixtus
1106 1764 1228 1796 claruit.

1078 1857 1284 1893 Responsoria.

906 1942 913 1949 .
941 1915 1075 1948 Praesul
1100 1915 1241 1948 Calixtus
1266 1915 1393 1947 nomine

940 1964 1003 1996 Pro
1030 1962 1156 1994 Christo
1181 1961 1251 1994 fuso
1277 1963 1438 2003 sanguine,

942 2010 1053 2043 Coelos
1078 2011 1252 2042 ascendens
1277 2010 1381 2052 hodie,

941 2057 1083 2090 Palmam
1109 2056 1210 2089 refert
1235 2057 1404 2097 vietoriae3

941 2104 1039 2137 Coetu
1065 2102 1165 2136 fretus
1191 2105 1331 2144 angelico

942 2153 1128 2185 Sanctorum
1155 2152 1248 2184 datur
1272 2160 1411 2183 numero.

907 2233 915 2240 .
943 2208 1062 2242 Orabat
1085 2208 1119 2240 in
1144 2209 1313 2240 coenaculo

940 2256 1053 2288 Multis
1078 2265 1183 2287 secum
1211 2256 1250 2288 de
1274 2257 1402 2297 populo,

944 2303 1145 2336 Subvertitur
1171 2312 1240 2335 oum
1263 2304 1351 2336 idolo

944 2351 1063 2384 Domus
1088 2351 1232 2392 subjecta
1255 2351 1375 2384 Zabulo
