1650 2587
735 116 989 151 -105—

227 212 259 243 2.
286 210 376 243 Haeo
400 212 633 251 quinquagenos

332 260 473 291 oratores
498 262 664 298 superatos

285 305 403 346 Dirigit
424 305 467 338 ad
493 306 597 338 coelos

331 362 441 385 aurum
471 353 558 384 velut
581 354 655 394 igne
677 353 839 395 probatos,

214 401 252 434 V.
281 399 434 433 Efficiens
460 402 557 432 testes

328 446 416 489 fidei,
442 456 521 488 quos
546 448 680 487 pertulit
701 448 819 480 hostes.

910 213 941 245 5.
966 212 1029 244 Sua
1053 211 1182 251 reliquit
1206 211 1328 242 moenia

1014 261 1148 291 Armata
1171 257 1260 297 signo
1286 257 1398 297 erucis,

967 307 1074 339 Multa
1096 304 1223 337 factura
1245 304 1369 344 proelia

1018 355 1095 387 Cum
1119 352 1254 384 inimicis
1278 352 1368 385 lueis,

1085 436 1131 463 Ad
1150 436 1334 464 Benedictus.

897 501 937 533 A.
968 500 1071 542 Salve,
1097 500 1186 539 virgo
1209 498 1395 540 Katharina,

1015 549 1103 580 Inter
1128 548 1255 577 cunctas
1280 544 1416 584 virgines

969 595 1069 633 Quam
1093 592 1219 625 ornavit
1241 593 1293 624 lex
1316 591 1433 631 divina,

381 543 428 575 In
452 542 680 575 Laudibus,

430 607 625 642 Antiphonae.

233 666 263 697 1.
289 666 359 698 Rex
384 668 495 705 potens
520 665 767 704 Alexandrinae,

337 712 396 751 Qui
422 713 533 746 Costus
559 715 607 743 est
631 715 771 753 vocatus,

288 758 405 792 Natam
430 759 619 799 prudentem
643 760 761 799 genuit,

333 806 400 845 Qua
424 806 559 838 mundus
582 802 792 839 estornatus,

230 866 262 896 2.
290 864 390 903 Opum
414 864 543 902 plenum
568 862 722 902 palatium

336 910 489 942 Parentes
513 910 709 949 reliquerunt

287 957 331 989 Et
355 956 565 989 Katharinam
590 956 714 988 unicam

333 1003 514 1035 Haeredem
541 1003 736 1038 dimiserunt,

230 1061 260 1092 3.
288 1059 453 1092 Gubernat
475 1060 579 1091 aulam
603 1059 721 1099 regiam

335 1106 495 1138 Virtutum
518 1106 551 1137 in
577 1107 691 1138 decore

285 1153 442 1193 Suamque
465 1153 653 1192 sapientiam

333 1200 539 1233 Demonstrat
563 1209 633 1232 cum
658 1199 791 1232 fervore.

228 1259 260 1290 4.
285 1259 376 1290 Haeo
398 1258 431 1289 in
457 1259 562 1289 aetate
585 1256 698 1288 florida

333 1303 493 1336 Christum
519 1304 632 1335 dilexit
655 1304 758 1344 avida,

291 1351 387 1390 Cujus
413 1359 520 1382 amore
544 1350 669 1383 fervida

335 1398 450 1429 Mundi
477 1398 623 1437 despexit
646 1396 754 1431 fluida.

1015 641 1098 673 Dum
1119 641 1153 672 in
1180 648 1274 672 carne
1298 640 1439 678 viveres3

967 689 1034 721 Nos
1059 687 1194 719 defende
1219 697 1238 718 a
1261 687 1353 718 ruina

1014 735 1111 768 Neeis
1134 734 1299 766 infernalis

968 784 1012 815 Et
1035 782 1078 814 ad
1102 785 1227 821 portum
1250 781 1293 813 sis
1320 780 1428 812 carina

1014 829 1111 863 Lucis
1137 828 1316 861 aeternalis

1042 938 1089 970 Iu
1115 939 1146 969 2.
1171 935 1377 975 vesperis,

1083 1006 1132 1033 Ad
1150 1004 1328 1040 Magnificat.

930 1093 937 1100 .
969 1069 993 1100 O
1019 1067 1176 1110 gaudium,
1199 1067 1382 1106 jucunditas

1015 1115 1127 1148 Cordis
1153 1118 1185 1145 et
1207 1114 1391 1153 animorum,

969 1162 1046 1195 Cum
1071 1161 1268 1194 Katharinae
1291 1160 1434 1201 probitas

1014 1210 1058 1241 Et
1081 1208 1284 1248 pulchritudo
1308 1216 1429 1240 morum

969 1258 1198 1296 Imperatorem
1224 1258 1354 1294 superat

1016 1304 1061 1335 Et
1085 1310 1224 1342 quosque
1247 1302 1416 1344 sapientes,

974 1350 1055 1389 Quid
1082 1349 1277 1389 respondere
1300 1349 1437 1389 valeant,

1016 1397 1148 1430 Omnino
1173 1396 1358 1428 nescientes.

292 1464 378 1490 BreV.
399 1472 453 1490 ms.
473 1463 658 1490 Francisoan.
678 1471 752 1490 saec.
774 1459 817 1489 15.
840 1462 908 1490 Cod.
925 1462 1051 1489 Par-isin.
1074 1459 1138 1488 760.
1162 1476 1194 1480 —
1214 1461 1250 1487 In
1272 1458 1296 1487 1.
1310 1461 1393 1489 Noct.
1415 1458 1435 1486 R
1459 1459 1482 1494 1,
1506 1458 1520 1486 1

219 1509 262 1536 sq.
292 1500 486 1529 Nobilissima
498 1501 670 1533 Katharina,
690 1502 793 1537 regina
811 1508 925 1536 genere.
945 1516 972 1519 —
1003 1497 1023 1525 R
1045 1498 1071 1534 2,
1092 1496 1109 1526 3
1128 1500 1161 1526 in
1174 1499 1276 1526 fronte.
1299 1513 1336 1518 —
1359 1495 1378 1523 R
1393 1496 1420 1532 3,
1442 1496 1457 1525 1
1479 1497 1525 1525 illi

220 1539 346 1575 ergiinzt.
366 1554 406 1558 -—
425 1536 445 1564 R
467 1536 493 1572 3,
515 1536 533 1566 3
556 1537 633 1573 quod
653 1540 704 1565 est.
726 1553 761 1557 —
780 1538 817 1565 111
837 1536 863 1565 2.
883 1537 967 1566 Noet.
989 1535 1009 1563 R
1030 1535 1056 1572 3,
1078 1535 1096 1563 2
1114 1538 1220 1572 spiritu
1239 1536 1334 1571 plena.

643 1628 690 1660 39.
729 1628 773 1661 De
793 1630 903 1660 saneta
922 1628 1111 1660 Katharina.

356 1700 401 1732 In
429 1701 460 1733 1.
487 1699 704 1739 Vesperis.

219 1767 258 1800 R..
286 1768 359 1800 Jam
383 1766 505 1800 Christi
527 1766 702 1798 thalamum

337 1814 464 1846 scandit
488 1812 667 1845 Katharina
691 1813 829 1856 beatum,

289 1863 311 1896 J
311 1864 407 1893 uncta
431 1869 487 1892 suo
512 1869 638 1900 sponso,

336 1917 395 1948 pro
413 1918 474 1949 quo
490 1907 565 1939 tulit
580 1916 696 1948 aspera
708 1907 844 1947 mund03

221 1956 257 1990 V.
290 1956 441 1989 obtineat
464 1955 621 1995 precibus,

338 2006 448 2043 pateat
470 2002 562 2034 nobis
586 2002 764 2042 paradisus.

413 2077 461 2105 Ad
478 2076 656 2113 Magnifica.

220 2138 260 2169 A.
293 2137 318 2169 O
344 2144 437 2175 quam
461 2133 603 2166 mirificis

337 2182 424 2214 Deus
448 2181 576 2215 ordinat
599 2181 703 2214 omnia
728 2180 831 2224 factis,

291 2230 476 2270 Virginibus
497 2237 627 2269 magnos

338 2277 482 2309 tribuens
500 2285 539 2307 ex
556 2276 647 2308 hoste
658 2276 844 2317 triumphos,

292 2326 369 2359 Cum
395 2325 508 2365 quibus
533 2326 693 2356 aeternam

339 2373 456 2405 meruit
479 2371 660 2404 Katharina
688 2380 844 2405 coronam.

1042 1698 1105 1730 Ad
1129 1697 1394 1730 Matutinum.

1108 1763 1321 1790 Invitatorium.

971 1820 1136 1854 Laudetur
1159 1820 1323 1861 Dominus,

1020 1868 1160 1901 Sabaoth
1172 1867 1222 1901 oui
1234 1877 1356 1911 nomen,
1373 1870 1403 1898 et
1415 1876 1522 1909 agnus,

971 1916 1034 1948 Per
1058 1924 1149 1955 quem
1173 1915 1361 1955 sacrilegum

1020 1963 1098 1995 vicit
1121 1962 1299 1995 Katharina
1323 1965 1503 2003 tyrannum.

1039 2096 1083 2127 In
1111 2095 1139 2129 1.
1167 2095 1224 2126 No
1237 2096 1396 2125 eturno.

1114 2163 1310 2200 Anffiphonae.

916 2228 947 2260 1.
974 2228 1011 2260 In
1036 2227 1121 2259 bello
1145 2226 1247 2258 victus

1023 2274 1290 2313 Constantinoque
1315 2272 1440 2314 fugatus

973 2321 1224 2355 Alexandrinam

1022 2369 1109 2402 venit
1131 2369 1312 2401 Maxentius
1338 2368 1458 2401 urbem.
