1650 2587
662 91 891 126 —48—

146 188 177 219 2.
203 187 255 219 Ad
281 187 418 220 tribunal

248 234 354 273 jussus
377 234 426 265 ire
444 234 561 274 §udicis

206 280 412 313 Venerandus

252 329 381 367 praesul
404 327 507 366 iuquit
529 327 667 360 nuntiis:

205 373 274 406 Hae
298 383 348 406 me
371 376 464 406 nocte

252 421 395 453 Christus
419 422 469 451 ter
492 419 665 457 admonuit,

205 466 250 499 Ut
279 467 401 499 deliber
426 466 456 497 ei
479 468 571 506 grata
811 464 848 498 V,

252 516 347 553 atque
370 513 498 553 placens
521 512 636 544 hostia.

136 559 172 590 V.
201 560 344 593 Paratus
367 569 441 592 sum
465 561 493 591 et
514 568 582 590 non
597 565 671 589 sum
685 558 753 588 tm·-

206 606 313 650 batus,
351 608 388 639 ut
422 605 552 638 calicem
583 602 754 636 salvatoris
823 616 843 647 2

205 662 374 693 aeozpzam,

151 710 182 743 3.
209 710 408 750 Agricolaus,

251 765 379 796 praeses
403 754 529 795 impius,

206 803 364 843 Suspendi
384 802 480 841 jussit

252 853 394 882 sanctum
417 849 595 888 praesulem

204 897 250 929 Et
274 905 385 929 earnes
411 896 477 935 ejus
500 895 626 936 ungulis

205 944 369 976 Dilaniare
393 942 506 975 ferreis

206 990 264 1023 Cui
288 993 432 1024 sanctus:
456 998 515 1029 per
538 990 706 1027 tormenta,

204 1039 349 1078 Praeses,
372 1036 486 1076 inquit,
511 1035 678 1068 arbitraris

205 1085 261 1116 Me
284 1083 408 1124 terreri,
435 1083 492 1115 sed
516 1091 578 1114 non
599 1084 699 1122 potes.

137 1131 174 1164 V.
208 1130 271 1163 Gor
301 1140 408 1163 ‘me-mn
441 1132 469 1162 et
501 1139 574 1162 caro
607 1137 679 1160 mea
704 1136 754 1159 ex-

204 1178 403 1210 sultaverwzt
426 1177 464 1208 in
486 1177 595 1208 Deum
617 1183 734 1207 meum.
812 1179 851 1210 v,

271 1281 316 1313 In
342 1283 373 1314 3.
397 1279 623 1311 Nocturno.

347 1343 542 1379 Antiphonae.
826 1329 858 1360 3-

153 1404 182 1436 1.
208 1403 388 1435 Mundanas
413 1410 505 1433 curas

256 1450 348 1481 nimis
372 1448 590 1488 inquietudine
616 1448 711 1479 duras

211 1497 353 1529 Horrens
377 1495 529 1535 Argeieas

259 1544 392 1583 expetiit
415 1542 563 1574 latebras

153 1602 185 1633 2.
211 1600 356 1639 Degebat
381 1598 504 1630 clausus

258 1647 341 1677 celsa
365 1644 422 1677 sub
447 1653 527 1684 rupe
550 1644 600 1676 vir
618 1644 735 1681 -almus,

209 1693 319 1725 Mente
342 1692 409 1724 Deo
431 1691 560 1730 junctus

258 1739 405 1772 Israelita
429 1738 510 1777 pius.

154 1798 184 1829 3.
214 1796 354 1836 Cumque
377 1794 452 1826 mali
477 1795 614 1833 pecudes
827 1807 857 1838 1·

257 1843 428 1883 quidquam
451 1843 635 1881 paterentur
650 1848 756 1880 agres-

212 1936 372 1977 optabant
396 1935 497 1967 sancti
533 1891 591 1929 tes,

257 1984 401 2016 manibus
426 1991 483 2013 sua
507 1982 637 2014 vulnera
660 1980 757 2020 tangi,

211 2031 271 2071 Qui
294 2034 425 2071 tangens
450 2038 544 2060 sanas

258 2077 418 2110 efficiebat
442 2085 504 2109 eaS.

348 2151 553 2186 Responsoria.

156 2202 186 2234 1.
210 2201 247 2232 In
274 2200 403 2233 discuti-

258 2256 317 2279 one
340 2255 416 2278 vero
442 2246 538 2277 tertia

212 2294 310 2327 Servo
335 2293 396 2325 Dei

258 2350 354 2374 saeva
377 2340 480 2379 inquit
504 2340 624 2371 bestia:

816 1609 852 1640 V.

879 188 951 220 Jam
975 196 1067 226 nune,
1093 188 1191 229 Blasi‚

927 232 988 263 <liis
1011 235 1130 266 nostris
1153 234 1292 267 immola.

881 278 939 311 Cui
961 282 1110 312 sanctus:

921 333 983 356 non
1008 329 1081 357 sunt
1105 335 1199 360 caeca
1223 324 1361 365 numina,

880 372 979 403 Immo
1003 372 1101 404 surda

929 417 1116 449 daemonum
1139 418 1318 449 simulacra.

877 464 1040 505 Quoniam
1072 474 1181 496 omnes
1215 463 1264 495 dii
1287 461 1431 503 gentium

883 510 1072 554 daemonia,
1122 509 1287 543 Domv'mus
1328 511 1435 541 autem

881 557 1002 591 coebum
1026 557 1110 598 fecit.

847 639 855 647 .
880 615 905 648 Ο
930 614 1111 653 praesulem
1134 612 1315 654 almificum,

881 662 979 701 Quem
1003 661 1163 694 mundana

928 717 990 741 non
1015 709 1148 741 attraxit
1168 707 1282 749 gloria,

883 757 907 790 Ο
933 758 1104 796 martyrem
1129 753 1309 794 almificum,

882 804 980 844 Quem
1004 812 1177 843 poenarum

927 859 991 882 nou
1015 850 1161 882 vicerunt,
1184 856 1310 889 genera,

883 897 987 930 Cessit
1009 898 1112 928 tortor
1133 899 1228 935 atque
1251 895 1347 926 lictor

880 943 1079 982 Laniansque
1103 942 1230 982 ungula,

878 991 947 1023 Nee
970 989 1107 1022 vincitur
1132 988 1263 1029 equuleo

880 1037 950 1069 Neo
973 1036 1112 1068 carceris
1134 1035 1294 1076 ergastulo

881 1084 992 1122 Neque
1014 1083 1078 1115 laci
1101 1082 1243 1122 periculo

881 1130 979 1163 Fides
1003 1128 1131 1162 fervens
1148 1130 1182 1161 in
1206 1128 1325 1163 Blasio,

880 1178 950 1210 Tua
974 1179 1047 1209 sunt
1062 1176 1151 1215 haee,
1173 1175 1307 1216 Christe,
1325 1184 1433 1218 opera,

882 1225 944 1257 Per
968 1232 1049 1263 quae
1072 1223 1120 1255 tui
1144 1224 1241 1254 testes

882 1272 944 1303 Tot
968 1270 1115 1302 evincunt
1139 1277 1265 1310 aspera.

884 1328 909 1360 Ο
932 1326 1032 1369 Blasi,
1059 1326 1154 1358 decus
1178 1327 1365 1365 martyrum,

885 1374 909 1406 Ο
935 1381 1054 1412 gemma
1079 1372 1204 1414 fulgens
1228 1372 1422 1412 praesulum,

883 1420 971 1452 Fave
995 1420 1076 1452 votis
1100 1422 1132 1451 te
1156 1422 1353 1460 precantum,

883 1465 1040 1506 Effugato,
1067 1466 1221 1507 quidquid
1245 1469 1367 1506 gravat,

883 1514 1067 1553 Impetrato,
1094 1513 1248 1554 quidquid
1269 1514 1362 1552 juvat

931 1560 984 1591 Ad
1008 1563 1168 1592 aeternam
1192 1560 1334 1599 gloriam.

882 1607 1009 1640 Scimus
1026 1607 1153 1651 quippe,
1173 1607 1260 1647 quod
1275 1607 1438 1647 quidquid

879 1654 1013 1694 petieris
1038 1663 1060 1686 a
1082 1655 1237 1697 Domino,
1268 1654 1358 1687 dabit
1378 1654 1438 1687 tibi

883 1702 985 1735 Deus,

1049 1757 1191 1785 Prosella.

884 1805 1065 1838 Praesulem
1095 1806 1179 1839 hune
1205 1806 1439 1839 commendavit

932 1851 1050 1884 Sancta
1074 1853 1281 1893 conversatio,

885 1900 982 1939 Quem
1006 1899 1159 1932 virtutum
1183 1900 1346 1933 decoravit

932 1945 1096 1986 Frequens
1122 1946 1283 1980 exhibitio.

829 2004 860 2037 2.
886 2002 1020 2034 Poreum
1047 2003 1140 2043 lupus
1165 2004 1345 2043 reportavit,

935 2049 1096 2082 Praesulis
1118 2051 1263 2093 imperio,

887 2096 1062 2128 Interdioto
1087 2101 1229 2130 sanetum
1254 2098 1347 2136 pavit,

930 2142 1049 2175 Mulier
1074 2144 1191 2179 edulio.

831 2200 862 2231 3.
889 2198 1091 2232 Carceratum
1115 2200 1258 2233 visitavit

936 2245 1129 2285 Angelorum
1154 2247 1244 2285 visio,

890 2292 992 2331 Super
1016 2302 1129 2332 aquam
1154 2293 1329 2326 ambulavit

939 2338 1105 2378 Projeotus
1129 2341 1164 2372 in
1187 2339 1295 2374 fluvio.
