1650 2587
709 135 965 171 ——179—

347 228 395 260 In
421 226 650 261 Laudibus.

395 302 589 339 Antiphonae.

199 359 231 391 1.
257 360 390 393 Sanetus
417 360 544 393 Mitrius
569 362 692 401 proelia

254 408 421 440 Adversus
444 409 553 441 mundi
577 408 687 449 gravia

304 454 345 487 Se
369 455 487 488 virtute
510 454 659 495 firmavit,

254 501 290 533 In
318 502 446 534 coelesti
469 502 584 535 militia

254 548 332 580 Post
357 550 483 582 devicta
507 549 664 590 supplicia

301 596 348 629 Ut
369 597 523 629 Dominus
548 596 701 637 regnavit.

195 654 226 684 2.
253 653 291 684 In
318 653 441 685 laetitia
465 654 585 685 servire

254 699 299 731 Et
325 709 395 732 eum
421 701 539 732 sanetis
563 700 696 732 introire

302 748 408 780 Corda
433 750 539 779 vestra
563 750 683 789 parate,

254 793 358 826 Choro
381 794 482 835 juncti
507 794 710 834 psallentium

253 841 289 872 In
316 841 442 882 hymnis
468 841 681 873 confitentium

299 889 411 920 Min-io
436 888 581 928 jubilate.

193 945 224 976 3.
251 944 287 976 In
314 948 401 978 terra
424 954 554 976 manens
581 945 708 976 deserta

252 992 343 1023 Vana
367 991 448 1031 fugit
473 994 505 1023 et
528 992 660 1032 ineerta,

301 1039 387 1077 Quae
411 1038 547 1070 mundus
572 1037 663 1070 offert
687 1046 770 1079 reus,

249 1086 288 1118 In
313 1089 345 1116 te
372 1085 474 1117 sitivit
497 1085 602 1117 anima

249 1132 427 1164 Devotione
451 1132 563 1164 intima

295 1179 439 1220 vigilans
464 1180 506 1211 ad
530 1182 572 1220 te,
598 1178 693 1211 Deus

189 1237 223 1267 4.
251 1235 373 1268 Cuncta
395 1244 495 1275 opera
516 1236 656 1273 Domini,

247 1283 327 1322 EJ'us
355 1284 507 1314 immenso
531 1283 651 1315 nomini

297 1330 424 1362 Laudes
450 1330 543 1361 simul
569 1330 675 1368 dieite,

248 1376 347 1409 Beato
374 1385 495 1418 quoque
518 1377 660 1417 martyri,

249 1423 438 1456 Sacerdotes
465 1427 496 1455 et
522 1424 630 1463 ceteri,

296 1471 429 1511 Semper
451 1471 641 1503 benedicite.

189 1529 219 1560 5.
244 1527 348 1568 Reges
373 1531 480 1559 terrae
505 1531 537 1559 et
559 1528 672 1568 populi

243 1576 350 1615 Atque
374 1577 514 1607 rectores
540 1575 668 1615 saeculi,

292 1624 464 1655 Alumnum
497 1626 622 1662 patrem
650 1622 801 1654 luminum

246 1669 320 1702 Una
345 1679 415 1702 eum
440 1673 551 1701 saneto
575 1669 687 1702 Mitrio

244 1718 395 1750 Adunato
423 1717 554 1757 collegio

291 1765 385 1798 Nune
409 1765 539 1797 laudate
563 1764 742 1797 Dominum.

1053 230 1098 257 Ad
1117 231 1300 258 Benedictus.

865 288 905 319 A.
936 289 961 321 Ο
987 289 1087 330 Mari,
1113 290 1236 329 martyr
1258 291 1395 329 strenue,

935 336 1079 368 Imitatus
1104 335 1230 367 assidue

985 382 1153 422 Christum,
1180 391 1270 422 quem
1298 382 1447 424 dilexisti,

935 430 1132 469 Aspernatus
1155 429 1336 469 progeniem

937 477 1073 516 Propter
1099 477 1264 508 coelestem
1290 478 1430 516 requiem

983 524 1037 555 Ad
1061 522 1166 563 ignota
1192 522 1311 564 fugisti,

936 570 1100 602 Molestias
1126 572 1158 601 et
1180 571 1358 611 languores,

937 617 1158 657 Contumelias,
1184 620 1331 656 terrores,

982 664 1119 697 Mortem
1145 666 1273 697 tandem
1298 664 1419 697 subisti.

936 711 997 750 Eja
1022 720 1106 751 ergo,
1132 711 1222 744 miles
1249 710 1375 751 Christi,

935 759 1076 798 lmplora
1100 758 1233 791 virtutes
1257 758 1366 798 lapsis,

935 805 1006 836 Due
1029 814 1083 837 eos
1105 814 1164 845 per
1187 806 1271 838 viam
1294 806 1394 846 pacis,

983 852 1049 891 Quo
1076 851 1152 884 felix
1176 852 1360 892 pervenisti,

1001 974 1047 1005 In
1073 975 1104 1007 2.
1130 974 1343 1014 Vesperis.

1059 1047 1105 1074 Ad
1123 1048 1301 1083 Magnificat.

897 1131 903 1138 .
935 1105 1085 1136 Exsultet
1105 1105 1170 1143 jam
1197 1106 1342 1137 eoelestis

980 1151 1094 1184 Coneio
1119 1155 1309 1191 sanctorum,

933 1199 1094 1230 Fidelium
1119 1200 1279 1231 terrestris

979 1245 1089 1277 Turba
1112 1247 1301 1286 populorum

1025 1293 1156 1325 Promat
1178 1293 1341 1335 laetitiam,

932 1339 983 1371 En
1007 1339 1136 1371 Mitrius
1162 1340 1258 1372 hodie

980 1386 1111 1419 Certans
1135 1387 1168 1418 in
1190 1388 1293 1420 stadio

933 1433 1010 1465 Cum
1034 1434 1141 1474 palma
1163 1434 1316 1467 victoriae

979 1480 1114 1513 Virtutis
1139 1481 1268 1513 brachio

1024 1527 1116 1559 Fecit
1140 1530 1332 1569 potentiam3

931 1575 955 1607 O
981 1575 1107 1615 Mai-tyr
1132 1578 1254 1616 potens,
1282 1574 1383 1615 fortiS,

977 1622 1139 1654 Scandens
1164 1632 1261 1663 super
1285 1624 1360 1665 alta,

928 1669 1014 1701 Tuos
1038 1672 1111 1710 post
1136 1679 1242 1702 casum
1264 1673 1375 1702 mortis

977 1717 1145 1758 Supplices
1172 1719 1277 1750 exalta

1022 1764 1076 1797 Ad
1102 1765 1181 1797 coeli
1205 1765 1347 1806 gloriam.

248 1844 332 1868 brev.
353 1841 490 1876 Aquense
509 1841 580 1875 imp.
601 1839 739 1875 Lugduni
761 1838 842 1868 1499.
863 1839 897 1867 A.
925 1854 960 1858 —
989 1841 1074 1868 Brev.
1095 1840 1232 1876 Aquense
1251 1843 1322 1876 imp.
1345 1841 1483 1877 Lugduni

175 1876 257 1907 1526.
288 1879 320 1906 B.
353 1893 390 1897 —-
416 1877 452 1904 In
480 1876 504 1904 1.
531 1878 618 1914 Vesp.
646 1878 669 1904 Α
693 1875 725 1913 2,
749 1876 769 1906 4
788 1879 893 1906 solium
917 1878 951 1905 A.
977 1893 1014 1897 -—
1040 1876 1062 1905 Α
1087 1875 1120 1912 3,
1147 1877 1164 1905 5
1191 1878 1305 1906 Gaudet
1329 1879 1363 1906 A.
1387 1895 1423 1897 -ῌ
1447 1880 1483 1907 In

174 1915 200 1944 2.
220 1915 304 1944 Noet.
329 1914 349 1942 R
370 1914 397 1950 3,
419 1913 436 1942 3
456 1916 678 1944 Tormentorum
697 1916 731 1943 A.
753 1931 788 1935 —
808 1917 845 1944 In
863 1916 956 1943 Laud.
978 1915 1000 1943 Α
1020 1915 1047 1952 4,
1068 1914 1086 1942 2
1104 1916 1179 1951 Ejus
1199 1917 1272 1945 fehlt
1290 1916 1324 1944 A.
1347 1931 1381 1935 —

597 2055 640 2086 67.
680 2055 724 2086 De
743 2057 848 2088 saneto
870 2055 1066 2087 Moderanno.

306 2166 353 2197 In
381 2165 413 2197 1.
437 2162 660 2203 VesperiS.

169 2253 208 2286 R.
239 2251 336 2285 Plebs
361 2249 466 2283 fidelis
493 2252 524 2280 et
549 2250 673 2290 devota,

241 2299 345 2332 Laeta
369 2305 457 2339 voce,
483 2299 590 2329 mente
613 2299 681 2329 tota

243 2347 339 2379 Tanti
365 2344 469 2386 patris
494 2345 686 2378 Moderanni

289 2392 449 2432 Praeveni
471 2393 632 2435 solemnia,

857 2136 895 2168 V.
927 2135 1039 2168 Clarus
1063 2137 1168 2167 exstat
1191 2135 1387 2176 parentibus,

928 2183 994 2215 Sed
1019 2182 1135 2215 clarior
1159 2182 1329 2214 virtutibus

975 2230 1095 2270 Comes,
1123 2230 1232 2271 abbas,
1258 2229 1412 2271 pontifeX.

1048 2295 1094 2323 Ad
1115 2295 1294 2332 Magnificat.

858 2345 899 2378 A.
930 2346 955 2379 Ο
982 2346 1137 2377 exaltatus
1164 2345 1300 2385 humilis,

978 2389 1107 2437 [Gratia
1132 2389 1177 2437 et]
1202 2396 1326 2432 natura,

1249 2446 1309 2477 12*
