1651 2588
763 82 996 116 -86-

268 199 275 206 .
301 174 446 207 Pellebat
471 175 573 207 socius

348 222 470 253 meritis
494 223 645 254 Aurelius
670 222 772 262 hujuS‚

302 267 473 300 Stemmate
499 269 661 301 dissimilis

348 315 405 347 sed
430 316 540 348 eadem
563 319 665 348 morte
689 315 832 347 celebris.

268 396 275 403 .
300 370 394 402 Hunc
416 372 524 410 genuit
548 372 632 403 claro

349 417 388 448 de
411 419 574 450 stemmate
596 417 744 450 Corduba
759 426 848 448 mun-

300 511 377 542 Post
401 519 525 543 caesum
549 465 675 551 gladiis,

349 557 464 589 direxit
484 557 608 598 perfida
633 558 728 590 coelo.

265 640 272 647 .
298 613 442 645 Duxerat
462 614 516 645 hic
541 614 659 646 claram

350 664 528 692 consortem
551 659 692 692 moribus
717 663 825 700 apt-am

300 707 350 738 Ac
373 706 435 737 sibi
460 717 478 739 o
505 707 640 747 dignam,

347 752 507 786 Nataliam
531 754 657 786 nomine
680 753 807 786 dictam.

270 837 276 843 .
297 809 387 841 Haec
410 818 561 848 spernens
585 810 733 841 miseram

345 856 455 887 mundi
470 866 539 888 cum
554 858 686 897 conjuge
699 866 846 897 pompam

300 903 457 942 Martyrio
482 904 579 936 vitam

348 949 441 980 simul
466 953 514 981 est
537 952 677 983 mercata
701 951 836 983 beatam.

439 1024 645 1060 Responsoria.

267 1098 275 1105 .
300 1072 417 1104 Inclita
438 1073 539 1111 stirpe
564 1072 667 1104 editus

302 1117 514 1151 Cordubensis
538 1119 697 1159 Aurelius,

303 1164 475 1204 Gymnasia
496 1165 637 1197 Arabica

301 1212 416 1243 Adhuc
439 1220 518 1250 puer
541 1212 727 1252 postposita,

304 1258 422 1290 Christi
446 1257 539 1290 beata
565 1259 710 1298 dogmata

301 1304 411 1336 Mente
435 1305 582 1337 volvebat
603 1306 723 1345 sedula,

265 1376 272 1383 .
303 1351 392 1383 1ntcr
416 1350 523 1389 spinas
547 1352 709 1391 gentilium

304 1397 489 1429 Germinans
513 1398 595 1429 sicut
618 1398 728 1431 lilium.

269 1478 275 1484 .
302 1453 364 1485 Hic
386 1461 467 1493 puer
489 1454 620 1494 insignis

345 1501 412 1539 jam
434 1501 676 1538 pubescentibus
702 1502 791 1533 annis

304 1547 432 1586 Cogitur
457 1555 608 1579 excusans

349 1593 390 1624 ab
418 1594 526 1626 amicis
552 1595 668 1626 ducere
690 1604 847 1635 sponsam,

302 1640 446 1672 Moribus
471 1643 623 1682 ornatam,

350 1694 500 1726 generoso
525 1688 665 1727 germine
690 1691 812 1729 natam3

265 1756 271 1762 .
302 1733 392 1765 Haec
415 1732 544 1765 Natalia
567 1743 656 1765 sacro

349 1778 454 1810 fuerat
476 1781 614 1812 vocitata
636 1781 772 1815 lavacro,

269 1860 276 1868 .
306 1835 419 1868 Levita
444 1834 562 1867 Christi
584 1837 776 1878 praeclarus,

302 1881 492 1914 Bethlemita
518 1882 670 1923 Georgius

303 1929 438 1968 Propter
462 1928 595 1961 fratrum
619 1931 779 1970 stipendia

302 1975 448 2007 Directus
475 1979 523 2008 est
545 1977 579 2008 in
603 1976 757 2020 Africam,

305 2022 377 2062 Hic,
402 2024 439 2053 ut
462 2026 544 2055 esset
569 2024 686 2056 Christi
707 2026 807 2065 testiS‚

304 2069 483 2102 Cordubam
507 2071 616 2103 urbem
641 2072 744 2112 petiit,

264 2140 271 2147 .
302 2116 348 2149 Ut
370 2117 549 2157 perciperet
572 2118 717 2150 bravium

303 2163 380 2194 Post
402 2163 495 2202 hujus
519 2164 603 2196 vitae
627 2166 773 2199 stadium.

272 2245 278 2252 .
305 2219 363 2251 Vir
386 2219 512 2251 Domini
538 2221 701 2263 GeorgiuS,

303 2266 460 2297 Virtutum
486 2268 615 2307 gemmis
640 2271 778 2308 ornatus,

302 2313 333 2345 A
356 2312 515 2352 primaevo
540 2316 624 2347 vitae
646 2314 724 2347 flore

978 175 1102 208 Christo
1127 175 1249 207 studuit
1274 175 1410 214 plaeere,

981 223 1112 262 Semper
1135 231 1270 262 namque
1291 222 1359 253 laus
1386 222 1495 254 divina

978 270 1041 302 Ore
1066 270 1132 309 ejus
1157 268 1342 308 resonabat3

909 316 942 347 V.
973 316 1082 348 Dulcis
1108 318 1177 348 erat
1201 315 1347 355 alloquio,

978 363 1075 395 Vultu
1098 363 1202 395 nitens
1226 362 1378 402 angelico.

1040 456 1086 488 In
1112 458 1142 491 2.
1166 456 1395 490 Nocturno.

1119 521 1313 555 Antiphonae.

922 580 937 611 1
944 605 951 612 .
977 578 1093 611 Divino
1118 587 1193 610 vere

1022 625 1148 657 fervens
1174 625 1323 657 Aurelius
1347 625 1419 665 igne

977 673 1086 704 Mente
1109 672 1305 712 voluptatem

1023 719 1127 752 carnis
1160 720 1370 751 restrinxerat-
1393 727 1524 751 omnem.

944 802 951 809 .
977 776 1097 808 Divisis
1123 775 1272 808 thalamis

1024 825 1056 854 et
1079 823 1161 854 votis
1185 822 1334 854 associati

975 869 1137 910 Angelicis
1163 868 1291 900 fuerant

1018 917 1167 949 Aurelius
1193 919 1224 948 et
1247 916 1386 950 Natalia.

944 999 950 1006 .
977 973 1060 1005 Dum
1084 972 1237 1004 recubant
1260 972 1368 1004 stratis

1021 1020 1081 1051 soli
1104 1019 1162 1051 sub
1187 1023 1330 1058 tempore
1352 1019 1465 1060 noctis,

977 1065 1093 1099 Adfuit
1115 1067 1164 1097 his
1188 1066 1313 1105 juvenis

1026 1114 1182 1145 coelorum
1208 1113 1324 1144 clarior
1349 1113 1452 1146 astris.

942 1193 949 1201 .
976 1169 1122 1201 Protinus
1147 1169 1270 1200 Aurelii

1023 1225 1112 1259 puer„
1126 1216 1182 1246 illo
1198 1215 1323 1247 thorum
1339 1216 1421 1255 petit
1438 1216 1524 1256 almi,

977 1264 1073 1302 Quem
1099 1270 1192 1294 cruce
1217 1262 1412 1302 consignans,

1025 1317 1172 1349 promens
1195 1309 1257 1341 sibi
1277 1309 1413 1349 mystica
1430 1318 1524 1349 quae-

1301 1356 1382 1387 dam.

942 1436 950 1444 .
973 1412 1053 1444 Inde
1077 1412 1181 1444 cubile
1204 1422 1314 1445 sacrae

1022 1468 1102 1498 puer
1129 1460 1262 1499 expetiit
1285 1460 1463 1500 Nathaliae,

977 1505 1044 1544 Qua
1068 1506 1168 1538 virum
1193 1507 1328 1546 pridem,

1023 1553 1070 1584 sic
1093 1553 1303 1585 sanctificavit
1325 1555 1468 1588 eandem.

944 1633 950 1640 .
977 1609 1062 1641 Hinc
1082 1610 1178 1649 plane
1199 1615 1346 1649 juvenem

1022 1655 1092 1688 fore
1101 1658 1257 1689 credimus
1268 1658 1522 1702 omnipotentem,

976 1705 1033 1743 Qui
1058 1713 1182 1744 semper
1207 1706 1352 1745 proprios

1024 1752 1170 1793 dignatur
1193 1754 1296 1785 visere
1320 1762 1436 1787 servos

1111 1828 1316 1864 Responsoria.

943 1907 949 1915 .
974 1884 1057 1916 Dum
1082 1884 1232 1917 Nathalia
1256 1886 1391 1926 pervigil

977 1931 1145 1964 Resideret
1168 1933 1202 1963 in
1228 1934 1380 1973 conclavi,

975 1979 1070 2021 Ecce,
1098 1979 1221 2011 directa
1244 1981 1368 2020 superis

978 2026 1093 2058 Adstat
1117 2027 1206 2067 virgo
1232 2027 1340 2059 dicens
1365 2028 1444 2059 sibi:

976 2073 1115 2112 Tempus
1140 2074 1239 2105 instat
1263 2075 1462 2112 certaminis;

936 2145 943 2153 .
973 2120 1115 2152 Palmam
1140 2122 1291 2161 sanguine
1314 2122 1414 2161 togati

977 2167 1127 2207 CapietiS,
1150 2169 1249 2207 judex
1277 2169 1364 2202 dicit.

944 2250 950 2256 .
979 2223 1003 2255 Ο
1029 2224 1211 2258 veneranda.
1235 2227 1409 2263 martyrum

975 2269 1120 2301 Gloriosa
1145 2272 1325 2313 certamina,

978 2316 1037 2359 Qui
1060 2316 1093 2347 in
1117 2318 1181 2349 suis
1207 2317 1391 2358 corporibus
