1650 2587
687 115 920 151 *17-

168 212 196 244 4.
225 213 303 246 Cum
320 213 471 245 transiret
487 212 642 251 quendam
661 212 773 251 vicum,

223 259 283 300 Qui
307 259 429 300 Regina.
458 259 634 298 dicebatun,

224 307 420 339 Adolescens
449 305 634 337 Alabandus

225 353 359 387 Jaccbat
380 352 425 383 ibi
450 354 607 388 mortuus3

185 426 192 432 .
223 399 358 432 Albinus
385 406 458 438 crgo
483 398 593 429 beatus

222 447 263 478 Ei
288 446 384 477 vitam
407 453 464 476 sua
486 452 582 484 prece

222 492 402 530 Reddebat,
426 492 478 531 qui
501 491 658 522 resolutus

221 538 357 572 Jacebat
382 538 428 570 ibi
453 540 606 571 mortuus¹

284 663 330 694 In
357 664 387 695 3.
414 662 643 694 Nocturno.

364 727 409 754 Ad
430 726 558 755 Canties.

183 812 189 818 .
221 785 310 817 Binis
335 785 426 817 annis
451 788 545 825 atquc
570 785 667 817 ternis

221 832 266 865 Ut
293 833 376 864 rexit
400 832 635 871 monasterium,

222 880 434 912 Consecratur
457 879 498 911 ad
524 879 693 919 regendam

222 926 400 966 Episcopus
426 926 602 958 ecclesiam.

351 1011 556 1046 Responsoria.

186 1094 191 1100 .
219 1071 282 1102 Hic
305 1069 354 1101 bis
381 1069 462 1101 binis
487 1070 588 1101 lucem
615 1070 726 1110 caeci„

217 1116 348 1149 Duobus
372 1116 468 1149 vitam
497 1115 652 1148 defunctis

220 1164 320 1196 Prece
346 1173 403 1197 sua
425 1164 564 1196 restituit

216 1210 355 1244 Mirifice
378 1220 437 1251 per
462 1211 648 1250 Dominum3

179 1283 186 1290 .
217 1259 269 1291 Ab
294 1261 424 1299 arrepta
447 1258 580 1291 muliere

217 1306 380 1345 Effugavit
405 1306 569 1338 daemonia

217 1353 322 1393 Atque
348 1354 438 1394 signa
461 1354 562 1385 multa
584 1352 661 1385 fecit

219 1398 359 1432 Mirifica
382 1408 441 1440 per
464 1400 644 1432 Dominum.

186 1481 192 1487 .
220 1457 316 1489 Velut
339 1458 422 1489 alter
446 1457 498 1488 hic
521 1456 681 1489 Johannes

219 1504 440 1536 Praedicando
465 1504 631 1537 veritatem

217 1551 276 1582 Dei
301 1551 403 1591 legem
426 1560 489 1583 non
514 1552 630 1584 silebat

216 1594 380 1630 Damnans
405 1607 546 1639 quaeque
569 1597 710 1640 nefaria3

177 1670 184 1678 .
216 1646 250 1678 Si
279 1645 407 1678 adesset
430 1646 599 1687 gladiator,

214 1693 408 1733 Exoptasset
430 1694 627 1736 martyrium,

217 1740 295 1773 Cum
320 1741 465 1774 Johanne
489 1750 566 1774 vera
591 1742 709 1783 dicens,

215 1788 377 1821 Damnans
402 1798 544 1830 quaeque
568 1788 700 1823 nefaiia.

181 1870 187 1877 .
217 1846 338 1887 Corpus
363 1847 465 1879 sancti
491 1856 560 1879 cum
585 1857 606 1879 a
630 1848 715 1880 clero

215 1893 461 1927 Transferretur
487 1896 526 1928 de
549 1895 727 1938 sepulchro,

215 1942 294 1974 Tres
319 1941 364 1973 ibi
387 1942 556 1984 paralytici

216 1988 359 2021 Sanitate
386 1992 596 2030 renovantur3

175 2058 183 2068 .
214 2036 428 2068 Adducuutur
455 2038 517 2071 [luo
543 2037 637 2076 caeci,

216 2084 275 2123 Qui
302 2084 420 2116 virtute
444 2085 546 2116 sancti
570 2085 629 2117 viri

217 2131 295 2164 Cum
319 2131 421 2163 tribus
446 2132 650 2171 paraclyticis

215 2179 359 2212 Sanitate
383 2181 584 2212 renovantur.

154 2240 187 2270 4.
212 2237 388 2270 Decoratus
414 2235 596 2277 virtutibus,

214 2284 268 2316 Sic
291 2284 456 2316 albescens
481 2286 516 2315 ut
540 2284 651 2324 lilium,

211 2332 259 2363 Tu
284 2340 343 2371 pro
368 2331 471 2372 nobis,
501 2341 519 2364 o
544 2332 671 2369 Albine,

213 2379 328 2411 Funde
351 2387 462 2419 preces
488 2379 529 2411 ad
554 2379 741 2419 Dominum3

198 2438 323 2466 Dreves,
340 2437 461 2462 Historiae
475 2438 629 2467 rhythmicae.
658 2437 700 2460 111.

835 209 870 241 V.
899 209 945 242 Ut
968 217 1025 240 nos
1050 207 1106 238 tibi
1133 207 1320 238 famulantes

902 256 1019 287 Tecum
1045 262 1114 285 csse
1137 261 1313 285 mereamur

903 303 981 335 Jcsu
1006 301 1123 333 Christi
1150 299 1351 339 cohaeredes,

902 348 1016 380 Funde
1039 356 1150 387 preces
1176 347 1217 378 ad
1242 346 1420 378 Dominum.

1077 449 1208 478 Prosula.

902 508 955 540 Ad
980 508 1079 549 illum,
1107 508 1160 547 qui
1184 515 1245 538 uon
1271 505 1374 538 factus

903 555 1023 588 Cuncta
1047 555 1130 586 bona
1154 552 1231 586 fecit
1255 553 1349 595 solus,

901 602 1072 634 Factorum
1094 605 1207 641 potens
1231 603 1347 642 rector,

902 649 988 682 Altis
1013 651 1177 689 praestans
1203 647 1386 687 altissimus,

902 697 949 730 Ut
972 696 1089 728 nostris
1111 704 1218 728 aurem
1243 695 1390 735 precibus

949 744 1164 775 accommodet

901 791 951 823 Ac
976 791 1099 823 veniam
1124 790 1303 830 petentibus

950 838 1107 870 acceleret

900 886 950 917 Ac
975 886 1046 925 tuis,
1070 888 1171 924 pater,
1196 883 1345 923 precibus

899 932 1059 964 Miserans
1083 931 1308 964 miserabilibus

901 979 967 1011 Nos
996 980 1104 1010 tantae
1138 980 1282 1018 demptos
1307 977 1454 1008 miseriae

900 1025 1028 1057 Reddat
1057 1028 1202 1057 aeteinae
1227 1024 1368 1057 laetitiae

900 1072 1124 1105 Perducendos
1149 1072 1189 1105 ad
1214 1071 1392 1104 Dominum.

988 1215 1004 1247 I
1012 1225 1033 1246 n
1057 1214 1086 1246 L
1095 1223 1114 1246 a
1122 1224 1141 1246 u
1152 1213 1172 1247 (1
1181 1214 1192 1245 i
1202 1213 1221 1245 b
1232 1223 1252 1245 u
1262 1223 1288 1245 s.

1014 1278 1060 1307 Ad
1078 1278 1263 1307 Benedictus.

828 1337 869 1370 A.
895 1338 975 1376 Ave,
1000 1337 1127 1377 praesul
1152 1337 1299 1378 gloriose,

899 1385 979 1424 Ave,
1010 1385 1097 1416 sidus
1119 1385 1185 1423 ,iam
1212 1385 1356 1425 coelestc‚

899 1432 1061 1463 Decorans
1083 1431 1201 1462 Albine
1226 1430 1356 1470 coelum,

899 1478 967 1510 Nos
992 1478 1132 1518 guberna
1156 1478 1261 1509 visens
1286 1477 1423 1517 humum,

900 1526 965 1564 Quo
990 1525 1144 1557 laetemur
1169 1524 1397 1564 triumphantes

899 1573 945 1604 Te
968 1575 1135 1611 patronum
1161 1574 1357 1603 venerantes.

968 1714 1015 1746 In
1041 1717 1072 1748 2.
1099 1714 1315 1753 Vesperis.

1072 1779 1206 1807 Prosula.

900 1838 1035 1871 Sanitati
1062 1838 1152 1870 dedit
1176 1846 1284 1878 aegros

946 1886 1053 1919 Albini
1080 1885 1232 1925 precatio,

901 1934 1032 1967 (Duravit
1055 1933 1249 1974 paralyticos

945 1981 1071 2013 virtutis
1096 1980 1223 2020 auxilio,

898 2040 927 2071 A
955 2037 1112 2071 defunctis
1136 2037 1337 2070 Alabandum

944 2086 1077 2118 suscitat
1100 2085 1133 2117 in
1158 2084 1254 2124 bivio,

895 2134 957 2166 Hic
981 2133 1030 2165 bis
1056 2132 1138 2164 binis
1163 2133 1268 2164 lumen
1294 2132 1396 2163 caecis

946 2181 1104 2213 condonat
1127 2180 1285 2213 continuo.

897 2238 962 2270 Ros
981 2246 1049 2268 cum
1066 2237 1157 2280 pluit,
1176 2236 1261 2268 hunc
1272 2245 1335 2269 non
1350 2236 1451 2276 tangit

945 2284 1055 2316 imbris
1081 2282 1283 2327 madefactio,

895 2333 920 2365 Ο
954 2341 1047 2372 quam
1080 2332 1196 2371 probat
1225 2333 1367 2363 sanctum
1392 2330 1452 2363 Dei

947 2379 1132 2412 daemonum
1159 2378 1288 2419 fugatio.

1266 2432 1284 2460 2
