1651 2588
717 107 973 141 —116—

213 197 243 228 3.
270 197 386 229 Divino
410 199 582 230 instructus
606 207 735 230 munere

271 245 321 275 Ae
342 245 509 277 roboratus
532 248 661 284 pectore

271 292 374 322 Aucta
397 290 520 331 fulgent
542 293 706 332 praesagia

270 337 400 369 Monitis
424 338 578 377 praesulis
603 342 736 377 compta,

273 383 430 415 Caelibem
453 384 548 415 vitam
576 385 697 426 didicit,

270 430 316 462 Ut
336 431 458 470 integer
478 431 511 461 in
535 433 668 470 utroque

271 476 384 509 Sancto
409 480 539 516 paretur
563 478 676 510 ordini.

404 570 608 604 Responsoria.

213 626 229 657 1
237 651 244 657 .
269 626 422 665 Martyris
447 625 609 665 adscripto

320 673 511 704 celebremus
529 675 671 712 tempore
687 673 815 716 festum,

270 720 335 758 Quo
360 719 574 758 Leodegarius

316 767 477 798 victricem
507 767 656 806 sanguine
679 769 815 808 palmam

270 813 448 845 Promeruit
473 814 592 845 cunctis

316 860 505 899 glomeratus
517 860 551 891 in
564 861 675 893 ordine
688 864 814 906 sanctis,

234 929 240 935 .
272 907 337 945 Quo
362 907 463 938 laetus
487 906 621 939 Domino

319 954 485 985 citharizat
507 962 637 986 munera
661 955 774 988 laudis.

236 1031 244 1038 .
270 1009 333 1040 Hic
357 1012 443 1040 ortus
465 1009 531 1047 jam
555 1011 730 1048 primordia

271 1057 467 1088 Francorum
494 1065 531 1087 ex
555 1058 707 1097 prosapia

270 1102 378 1134 Nobili
404 1102 493 1134 duxit
514 1102 608 1143 linea,

271 1149 380 1180 Prima
403 1150 488 1181 vitae
513 1150 677 1181 ducamina

271 1196 383 1235 Regali
407 1195 494 1227 fovet
518 1196 651 1236 domate⁷

234 1267 241 1274 .
274 1243 304 1274 A
328 1243 511 1281 parentibus
537 1244 642 1274 curiae

272 1288 468 1321 Nutriendus
490 1290 649 1321 addicitur

273 1336 404 1367 Teneris
428 1344 507 1375 puer
530 1337 563 1367 in
588 1337 687 1369 annis.

237 1416 245 1423 .
271 1391 383 1423 Fultus
408 1400 544 1431 superna
566 1393 669 1431 gratia

270 1438 382 1470 Indole
406 1441 499 1478 atque
522 1440 696 1479 praeclara,

274 1485 356 1516 Dum
382 1484 486 1517 tendit
509 1485 551 1517 ad
575 1486 729 1527 sublimia,

272 1531 369 1571 Regis
390 1532 480 1571 jussu
503 1532 699 1564 Pictavensis

272 1578 326 1609 Ad
349 1579 455 1610 studia
478 1579 640 1611 literarum

274 1626 406 1657 Praesul
430 1626 568 1665 applicat
591 1635 733 1667 puerum,

234 1697 240 1704 .
270 1671 315 1704 Ut
340 1672 449 1703 doctus
474 1672 629 1710 sapientia

274 1717 486 1757 Suffultusque
511 1719 679 1758 disciplina

274 1765 437 1797 Probitate
461 1763 572 1796 affluat
593 1766 698 1804 plena.

328 1878 377 1909 In
404 1879 433 1910 2.
461 1876 517 1909 No
531 1879 689 1910 cturno.

415 1941 607 1976 Antiphonae.

240 2024 246 2030 .
272 1999 348 2031 Cum
370 1999 403 2030 in
428 2008 464 2031 eo
487 1999 653 2038 perlucida

274 2046 506 2085 Perpatesc-ant
527 2046 671 2086 insignia,

274 2093 452 2125 Memoriae
475 2093 637 2133 tenacitas,

272 2140 480 2179 Eloquentiae
502 2140 634 2180 pun‘tas,

274 2188 411 2218 Assueta
433 2187 526 2219 tellus
550 2187 703 2219 imbribus

275 2233 384 2265 Sulcos
409 2233 559 2266 fecundat
582 2233 734 2274 frugibus.

242 2316 249 2323 .
274 2289 391 2322 Divina
414 2299 485 2322 mox
509 2291 678 2324 auctoritas

275 2337 324 2372 Ac
347 2336 450 2378 plebis
475 2337 662 2371 universitas

886 1274 906 1305 [Ο

942 200 996 231 Ad
1020 200 1198 240 eligendum
1221 200 1352 239 prod-iit,

941 246 1038 284 Quem
1062 255 1152 279 sacer
1176 246 1254 278 ordo
1281 244 1433 283 deposcit,

943 292 988 324 Ut
1010 292 1086 324 urbs
1110 293 1224 324 Aedua
1250 292 1355 331 capiat

940 337 1171 377 Leodegarium
1194 339 1228 369 in
1255 336 1414 369 cathedra.

942 393 1079 424 Honoris
1103 394 1194 432 apice
1219 392 1345 424 functus

942 439 1039 471 Denis
1064 448 1217 471 annorum
1244 438 1397 477 cursibus,

943 486 1017 518 Sors
1041 486 1151 518 invida
1171 486 1238 525 J'am
1262 485 1386 517 nubilos

942 533 1038 573 Regis
1061 533 1206 565 incendit
1228 533 1358 572 ammos,

941 580 1085 612 Insaniat
1108 580 1140 611 in
1165 580 1352 620 praesulem,

942 626 986 658 Ni
1009 627 1079 658 loco
1105 627 1201 659 cedat
1224 627 1360 667 patiens.

1079 701 1285 737 Responsoria„

911 773 919 780 .
945 748 1063 780 Divino
1087 749 1261 781 instructus
1286 757 1415 781 munere

941 797 990 827 Ae
1012 795 1179 827 roboratus
1204 799 1343 836 pectore,

942 843 1135 875 Futurorum
1157 844 1326 883 praesagia

943 889 1088 920 Rutilant
1110 890 1143 921 in
1168 890 1375 929 praecordiis

942 936 1073 967 Monitis
1098 939 1252 976 comptam
1276 936 1432 976 praesulis

945 982 1102 1014 Coelibem
1129 983 1203 1014 dum
1227 987 1334 1015 servat
1359 983 1455 1013 vitam

944 1029 1056 1061 Ordini
1080 1038 1169 1061 sacro
1195 1030 1392 1071 condignam.

942 1075 1076 1115 Eloquio
1103 1076 1305 1108 suavissimus

941 1122 1156 1154 Moerentibus
1180 1123 1346 1163 laetitiam,

945 1168 1113 1200 sceleratis
1139 1170 1339 1209 disciplinam

945 1215 1047 1247 Norat
1071 1216 1207 1248 reddere
1228 1224 1406 1256 congruam.

910 1297 917 1304 .
941 1271 1024 1302 Dum
1049 1272 1203 1303 eastitatis
1227 1273 1355 1311 speculo

946 1318 1165 1358 virtutumque
1187 1320 1356 1358 praeconi)

945 1365 1082 1396 Redolet
1104 1366 1137 1396 in
1161 1366 1291 1405 palatio,

946 1411 1058 1451 Dignis
1083 1412 1232 1443 attollunt
1254 1412 1412 1451 laudibus,

949 1459 993 1491 Ut
1016 1458 1092 1489 urbs
1114 1459 1227 1490 Aedua
1254 1459 1352 1498 capiat

943 1504 1171 1545 Leodegarium
1195 1506 1229 1536 in
1254 1505 1425 1544 cathodi-213

945 1551 1040 1590 Cujus
1067 1552 1218 1583 memoria
1243 1555 1348 1595 tenax,

944 1598 1153 1637 Eloquentiae
1177 1599 1308 1642 puritaS,

946 1644 984 1675 In
1007 1645 1075 1676 viro
1100 1649 1206 1676 manet,
1230 1647 1369 1678 castitas,

912 1725 920 1733 .
943 1700 1080 1732 Honoris
1106 1702 1196 1740 apice
1221 1700 1346 1734 functus

946 1747 1044 1779 Denis
1070 1757 1221 1780 annorum
1246 1750 1388 1781 cursibus

948 1793 1022 1825 Sors
1046 1795 1156 1826 invida
1176 1796 1243 1835 ¹iam
1266 1797 1390 1828 nubilos

946 1840 1042 1880 Regis
1065 1841 1207 1874 incendit
1230 1844 1361 1886 animos,

947 1887 1089 1920 Insaniat
1110 1889 1144 1920 in
1168 1891 1356 1933 praesulem,

944 1934 987 1965 Ni
1011 1936 1080 1966 loco
1106 1936 1199 1968 cedat
1219 1938 1355 1977 patiens.

909 2006 918 2014 .
946 1982 1079 2013 Praesul
1104 1986 1211 2023 captat
1235 1985 1409 2025 consilium,

950 2028 995 2061 Ut,
1011 2029 1131 2061 relictis
1155 2032 1265 2063 mundi
1287 2032 1413 2071 pompis

950 2074 1139 2115 Sequeretur
1163 2087 1271 2111 vocem
1297 2079 1425 2112 Christi.

1015 2170 1059 2201 In
1082 2172 1112 2204 3.
1139 2171 1366 2206 Nocturno.

1086 2236 1280 2272 Antiphonae.

893 2292 923 2323 1.
949 2290 1091 2323 Tandem
1116 2302 1134 2324 a
1158 2303 1234 2334 rege
1260 2295 1327 2327 voti
1352 2303 1479 2334 compos

949 2337 1091 2370 Habenis
1115 2342 1218 2381 ruptis
1243 2342 1387 2375 omnibus
