<?xml version="1.0" encoding="UTF-8"?>
<!DOCTYPE html PUBLIC "-//W3C//DTD XHTML 1.0 Transitional//EN"
    "http://www.w3.org/TR/xhtml1/DTD/xhtml1-transitional.dtd">
<html xmlns="http://www.w3.org/1999/xhtml" xml:lang="en" lang="en">
 <head>
  <title>
</title>
<meta http-equiv="Content-Type" content="text/html;charset=utf-8" />
  <meta name='ocr-system' content='tesseract 3.04.00' />
  <meta name='ocr-capabilities' content='ocr_page ocr_carea ocr_par ocr_line ocrx_word'/>
</head>
<body>
  <div class='ocr_page' id='page_1' title='image "./analectahymnica18drevuoft_00046.png"; bbox 0 0 1650 2587; ppageno 0'>
   <div class='ocr_carea' id='block_1_1' title="bbox 765 91 998 126">
    <p class='ocr_par' dir='ltr' id='par_1_1' title="bbox 765 91 998 126">
     <span class='ocr_line' id='line_1_1' title="bbox 765 91 998 126; baseline -0.004 -8"><span class='ocrx_word' id='word_1_1' title='bbox 765 91 998 126; x_wconf 52' lang='lat'>„43—</span> 
     </span>
    </p>
   </div>
   <div class='ocr_carea' id='block_1_2' title="bbox 233 188 855 557">
    <p class='ocr_par' dir='ltr' id='par_1_2' title="bbox 233 188 855 557">
     <span class='ocr_line' id='line_1_2' title="bbox 233 188 678 221; baseline -0.004 0"><span class='ocrx_word' id='word_1_2' title='bbox 233 188 270 221; x_wconf 80' lang='lat' dir='ltr'>R.</span> <span class='ocrx_word' id='word_1_3' title='bbox 299 189 323 221; x_wconf 95' lang='lat' dir='ltr'>O</span> <span class='ocrx_word' id='word_1_4' title='bbox 351 188 500 220; x_wconf 85' lang='lat' dir='ltr'>virtutum</span> <span class='ocrx_word' id='word_1_5' title='bbox 523 188 678 220; x_wconf 86' lang='lat' dir='ltr'>luminare</span> 
     </span>
     <span class='ocr_line' id='line_1_3' title="bbox 352 234 717 275; baseline -0.003 -9"><span class='ocrx_word' id='word_1_6' title='bbox 352 235 520 275; x_wconf 83' lang='lat' dir='ltr'>praesigne</span> <span class='ocrx_word' id='word_1_7' title='bbox 544 234 717 274; x_wconf 82' lang='lat' dir='ltr'>miraculis,</span> 
     </span>
     <span class='ocr_line' id='line_1_4' title="bbox 305 281 730 321; baseline -0.002 -8"><span class='ocrx_word' id='word_1_8' title='bbox 305 282 424 313; x_wconf 87' lang='lat' dir='ltr'>Lumen</span> <span class='ocrx_word' id='word_1_9' title='bbox 449 282 537 313; x_wconf 86' lang='lat' dir='ltr'>Blasi</span> <span class='ocrx_word' id='word_1_10' title='bbox 562 281 730 321; x_wconf 84' lang='lat' dir='ltr'>singulare,</span> 
     </span>
     <span class='ocr_line' id='line_1_5' title="bbox 351 328 683 370; baseline -0.003 -10"><span class='ocrx_word' id='word_1_11' title='bbox 351 328 442 360; x_wconf 86' lang='lat' dir='ltr'>Salus</span> <span class='ocrx_word' id='word_1_12' title='bbox 466 328 500 359; x_wconf 89' lang='lat' dir='ltr'>in</span> <span class='ocrx_word' id='word_1_13' title='bbox 524 328 683 370; x_wconf 82' lang='lat' dir='ltr'>periculis,</span> 
     </span>
     <span class='ocr_line' id='line_1_6' title="bbox 303 375 719 408; baseline -0.002 -1"><span class='ocrx_word' id='word_1_14' title='bbox 303 375 551 408; x_wconf 82' lang='lat' dir='ltr'>Firmamentum</span> <span class='ocrx_word' id='word_1_15' title='bbox 578 376 719 407; x_wconf 82' lang='lat' dir='ltr'>salutare</span> 
     </span>
     <span class='ocr_line' id='line_1_7' title="bbox 350 421 691 454; baseline 0.003 -1"><span class='ocrx_word' id='word_1_16' title='bbox 350 422 427 454; x_wconf 89' lang='lat' dir='ltr'>Tuis</span> <span class='ocrx_word' id='word_1_17' title='bbox 453 425 521 453; x_wconf 87' lang='lat' dir='ltr'>esto</span> <span class='ocrx_word' id='word_1_18' title='bbox 546 421 691 454; x_wconf 89' lang='lat' dir='ltr'>servulis.</span> 
     </span>
     <span class='ocr_line' id='line_1_8' title="bbox 233 469 855 509; baseline -0.002 -7"><span class='ocrx_word' id='word_1_19' title='bbox 233 470 270 504; x_wconf 87' lang='lat' dir='ltr'>V.</span> <span class='ocrx_word' id='word_1_20' title='bbox 300 469 437 509; x_wconf 73' lang='lat' dir='ltr'>Respice</span> <span class='ocrx_word' id='word_1_21' title='bbox 482 469 520 501; x_wconf 70' lang='lat' dir='ltr'>in</span> <span class='ocrx_word' id='word_1_22' title='bbox 566 477 672 501; x_wconf 77' lang='lat' dir='ltr'>servos</span> <span class='ocrx_word' id='word_1_23' title='bbox 713 471 784 501; x_wconf 72' lang='lat' dir='ltr'>tuos</span> <span class='ocrx_word' id='word_1_24' title='bbox 826 471 855 501; x_wconf 68' lang='lat' dir='ltr'>et</span> 
     </span>
     <span class='ocr_line' id='line_1_9' title="bbox 301 516 670 557; baseline 0.003 -9"><span class='ocrx_word' id='word_1_25' title='bbox 301 516 404 557; x_wconf 73' lang='lat' dir='ltr'>diriqe</span> <span class='ocrx_word' id='word_1_26' title='bbox 427 525 526 556; x_wconf 73' lang='lat' dir='ltr'>opera</span> <span class='ocrx_word' id='word_1_27' title='bbox 551 524 670 549; x_wconf 72' lang='lat' dir='ltr'>eorum.</span> 
     </span>
    </p>
   </div>
   <div class='ocr_carea' id='block_1_3' title="bbox 418 590 662 627">
    <p class='ocr_par' dir='ltr' id='par_1_3' title="bbox 418 590 662 627">
     <span class='ocr_line' id='line_1_10' title="bbox 418 590 662 627; baseline -0.008 -9"><span class='ocrx_word' id='word_1_28' title='bbox 418 590 463 618; x_wconf 88' lang='lat' dir='ltr'>Ad</span> <span class='ocrx_word' id='word_1_29' title='bbox 482 590 662 627; x_wconf 83' lang='lat' dir='ltr'>Magnificat.</span> 
     </span>
    </p>
   </div>
   <div class='ocr_carea' id='block_1_4' title="bbox 301 648 671 1105">
    <p class='ocr_par' dir='ltr' id='par_1_4' title="bbox 302 648 565 690">
     <span class='ocr_line' id='line_1_11' title="bbox 302 648 565 690; baseline -0.008 -9"><span class='ocrx_word' id='word_1_30' title='bbox 302 648 407 690; x_wconf 76' lang='lat' dir='ltr'>Salve,</span> <span class='ocrx_word' id='word_1_31' title='bbox 431 650 565 687; x_wconf 64' lang='lat' dir='ltr'>martyr,</span> 
     </span>
    </p>

    <p class='ocr_par' dir='ltr' id='par_1_5' title="bbox 304 695 592 783">
     <span class='ocr_line' id='line_1_12' title="bbox 350 695 592 735; baseline -0.004 -8"><span class='ocrx_word' id='word_1_32' title='bbox 350 704 425 727; x_wconf 81' lang='lat' dir='ltr'>vera</span> <span class='ocrx_word' id='word_1_33' title='bbox 448 695 592 735; x_wconf 85' lang='lat' dir='ltr'>salvatio,</span> 
     </span>
     <span class='ocr_line' id='line_1_13' title="bbox 304 743 541 783; baseline 0 -9"><span class='ocrx_word' id='word_1_34' title='bbox 304 743 405 783; x_wconf 83' lang='lat' dir='ltr'>Blasi,</span> <span class='ocrx_word' id='word_1_35' title='bbox 431 744 541 774; x_wconf 82' lang='lat' dir='ltr'>nostra</span> 
     </span>
    </p>

    <p class='ocr_par' dir='ltr' id='par_1_6' title="bbox 302 790 671 869">
     <span class='ocr_line' id='line_1_14' title="bbox 352 790 671 829; baseline -0.003 -8"><span class='ocrx_word' id='word_1_36' title='bbox 352 798 425 829; x_wconf 87' lang='lat' dir='ltr'>spes</span> <span class='ocrx_word' id='word_1_37' title='bbox 451 792 483 821; x_wconf 87' lang='lat' dir='ltr'>et</span> <span class='ocrx_word' id='word_1_38' title='bbox 505 790 671 829; x_wconf 86' lang='lat' dir='ltr'>protectio,</span> 
     </span>
     <span class='ocr_line' id='line_1_15' title="bbox 302 837 547 869; baseline -0.008 0"><span class='ocrx_word' id='word_1_39' title='bbox 302 837 369 869; x_wconf 88' lang='lat' dir='ltr'>Nos</span> <span class='ocrx_word' id='word_1_40' title='bbox 394 846 414 869; x_wconf 83' lang='lat' dir='ltr'>a</span> <span class='ocrx_word' id='word_1_41' title='bbox 437 837 547 868; x_wconf 90' lang='lat' dir='ltr'>mundi</span> 
     </span>
    </p>

    <p class='ocr_par' dir='ltr' id='par_1_7' title="bbox 301 882 623 963">
     <span class='ocr_line' id='line_1_16' title="bbox 345 882 623 923; baseline -0.004 -7"><span class='ocrx_word' id='word_1_42' title='bbox 345 884 435 916; x_wconf 80' lang='lat' dir='ltr'>salva</span> <span class='ocrx_word' id='word_1_43' title='bbox 457 882 623 923; x_wconf 82' lang='lat' dir='ltr'>naufragio</span> 
     </span>
     <span class='ocr_line' id='line_1_17' title="bbox 301 931 536 963; baseline 0 -1"><span class='ocrx_word' id='word_1_44' title='bbox 301 931 344 963; x_wconf 86' lang='lat' dir='ltr'>Et</span> <span class='ocrx_word' id='word_1_45' title='bbox 368 931 536 963; x_wconf 82' lang='lat' dir='ltr'>mundatos</span> 
     </span>
    </p>

    <p class='ocr_par' dir='ltr' id='par_1_8' title="bbox 303 978 600 1066">
     <span class='ocr_line' id='line_1_18' title="bbox 349 978 600 1010; baseline -0.004 0"><span class='ocrx_word' id='word_1_46' title='bbox 349 978 388 1010; x_wconf 85' lang='lat' dir='ltr'>ab</span> <span class='ocrx_word' id='word_1_47' title='bbox 414 978 498 1010; x_wconf 91' lang='lat' dir='ltr'>omni</span> <span class='ocrx_word' id='word_1_48' title='bbox 523 978 600 1010; x_wconf 88' lang='lat' dir='ltr'>vitio</span> 
     </span>
     <span class='ocr_line' id='line_1_19' title="bbox 303 1025 509 1066; baseline -0.005 -9"><span class='ocrx_word' id='word_1_49' title='bbox 303 1026 370 1057; x_wconf 84' lang='lat' dir='ltr'>Tuo</span> <span class='ocrx_word' id='word_1_50' title='bbox 398 1025 509 1066; x_wconf 85' lang='lat' dir='ltr'>dignos</span> 
     </span>
    </p>

    <p class='ocr_par' dir='ltr' id='par_1_9' title="bbox 351 1072 646 1105">
     <span class='ocr_line' id='line_1_20' title="bbox 351 1072 646 1105; baseline 0 -1"><span class='ocrx_word' id='word_1_51' title='bbox 351 1072 452 1104; x_wconf 82' lang='lat' dir='ltr'>redde</span> <span class='ocrx_word' id='word_1_52' title='bbox 477 1072 646 1105; x_wconf 79' lang='lat' dir='ltr'>consortio.</span> 
     </span>
    </p>
   </div>
   <div class='ocr_carea' id='block_1_5' title="bbox 368 1166 718 1199">
    <p class='ocr_par' dir='ltr' id='par_1_10' title="bbox 368 1166 718 1199">
     <span class='ocr_line' id='line_1_21' title="bbox 368 1166 718 1199; baseline -0.014 1"><span class='ocrx_word' id='word_1_53' title='bbox 368 1167 431 1199; x_wconf 91' lang='lat' dir='ltr'>Ad</span> <span class='ocrx_word' id='word_1_54' title='bbox 454 1166 718 1199; x_wconf 81' lang='lat' dir='ltr'>Matutinum.</span> 
     </span>
    </p>
   </div>
   <div class='ocr_carea' id='block_1_6' title="bbox 437 1241 651 1268">
    <p class='ocr_par' dir='ltr' id='par_1_11' title="bbox 437 1241 651 1268">
     <span class='ocr_line' id='line_1_22' title="bbox 437 1241 651 1268; baseline -0.009 -1"><span class='ocrx_word' id='word_1_55' title='bbox 437 1241 651 1268; x_wconf 85' lang='lat' dir='ltr'>Invitatorium.</span> 
     </span>
    </p>
   </div>
   <div class='ocr_carea' id='block_1_7' title="bbox 298 1307 803 1480">
    <p class='ocr_par' dir='ltr' id='par_1_12' title="bbox 298 1307 587 1348">
     <span class='ocr_line' id='line_1_23' title="bbox 298 1307 587 1348; baseline -0.003 -9"><span class='ocrx_word' id='word_1_56' title='bbox 298 1308 352 1339; x_wconf 89' lang='lat' dir='ltr'>Ad</span> <span class='ocrx_word' id='word_1_57' title='bbox 373 1316 478 1348; x_wconf 86' lang='lat' dir='ltr'>regem</span> <span class='ocrx_word' id='word_1_58' title='bbox 502 1307 587 1339; x_wconf 82' lang='lat' dir='ltr'>vitae</span> 
     </span>
    </p>

    <p class='ocr_par' dir='ltr' id='par_1_13' title="bbox 301 1352 803 1440">
     <span class='ocr_line' id='line_1_24' title="bbox 353 1352 803 1394; baseline -0.009 -8"><span class='ocrx_word' id='word_1_59' title='bbox 353 1355 449 1394; x_wconf 81' lang='lat' dir='ltr'>digna</span> <span class='ocrx_word' id='word_1_60' title='bbox 473 1363 543 1386; x_wconf 90' lang='lat' dir='ltr'>cum</span> <span class='ocrx_word' id='word_1_61' title='bbox 567 1354 663 1386; x_wconf 79' lang='lat' dir='ltr'>laude</span> <span class='ocrx_word' id='word_1_62' title='bbox 689 1352 803 1392; x_wconf 83' lang='lat' dir='ltr'>venito,</span> 
     </span>
     <span class='ocr_line' id='line_1_25' title="bbox 301 1401 638 1440; baseline 0 -8"><span class='ocrx_word' id='word_1_63' title='bbox 301 1401 360 1440; x_wconf 78' lang='lat' dir='ltr'>Qui</span> <span class='ocrx_word' id='word_1_64' title='bbox 386 1402 472 1433; x_wconf 88' lang='lat' dir='ltr'>coelo</span> <span class='ocrx_word' id='word_1_65' title='bbox 496 1401 638 1434; x_wconf 84' lang='lat' dir='ltr'>Blasium</span> 
     </span>
    </p>

    <p class='ocr_par' dir='ltr' id='par_1_14' title="bbox 348 1448 657 1480">
     <span class='ocr_line' id='line_1_26' title="bbox 348 1448 657 1480; baseline -0.003 0"><span class='ocrx_word' id='word_1_66' title='bbox 348 1448 478 1480; x_wconf 76' lang='lat' dir='ltr'>sustulit</span> <span class='ocrx_word' id='word_1_67' title='bbox 500 1448 657 1480; x_wconf 80' lang='lat' dir='ltr'>eximium.</span> 
     </span>
    </p>
   </div>
   <div class='ocr_carea' id='block_1_8' title="bbox 356 1542 712 1576">
    <p class='ocr_par' dir='ltr' id='par_1_15' title="bbox 356 1542 712 1576">
     <span class='ocr_line' id='line_1_27' title="bbox 356 1542 712 1576; baseline -0.003 -1"><span class='ocrx_word' id='word_1_68' title='bbox 356 1543 402 1575; x_wconf 90' lang='lat' dir='ltr'>In</span> <span class='ocrx_word' id='word_1_69' title='bbox 428 1543 460 1576; x_wconf 85' lang='lat'>1.</span> <span class='ocrx_word' id='word_1_70' title='bbox 486 1542 712 1574; x_wconf 85' lang='lat' dir='ltr'>Nocturno.</span> 
     </span>
    </p>
   </div>
   <div class='ocr_carea' id='block_1_9' title="bbox 441 1617 637 1653">
    <p class='ocr_par' dir='ltr' id='par_1_16' title="bbox 441 1617 637 1653">
     <span class='ocr_line' id='line_1_28' title="bbox 441 1617 637 1653; baseline 0 -9"><span class='ocrx_word' id='word_1_71' title='bbox 441 1617 637 1653; x_wconf 85' lang='lat' dir='ltr'>Antiphonae.</span> 
     </span>
    </p>
   </div>
   <div class='ocr_carea' id='block_1_10' title="bbox 240 1684 847 1915">
    <p class='ocr_par' dir='ltr' id='par_1_17' title="bbox 240 1684 847 1915">
     <span class='ocr_line' id='line_1_29' title="bbox 240 1684 564 1718; baseline -0.003 -1"><span class='ocrx_word' id='word_1_72' title='bbox 240 1685 269 1717; x_wconf 85' lang='lat'>1.</span> <span class='ocrx_word' id='word_1_73' title='bbox 296 1684 385 1718; x_wconf 86' lang='lat' dir='ltr'>Urbe</span> <span class='ocrx_word' id='word_1_74' title='bbox 411 1684 564 1717; x_wconf 84' lang='lat' dir='ltr'>Sebastea</span> 
     </span>
     <span class='ocr_line' id='line_1_30' title="bbox 344 1731 825 1773; baseline -0.002 -9"><span class='ocrx_word' id='word_1_75' title='bbox 344 1735 400 1765; x_wconf 80' lang='lat' dir='ltr'>tua</span> <span class='ocrx_word' id='word_1_76' title='bbox 424 1736 569 1773; x_wconf 78' lang='lat' dir='ltr'>vernant,</span> <span class='ocrx_word' id='word_1_77' title='bbox 598 1731 734 1773; x_wconf 87' lang='lat' dir='ltr'>Christe,</span> <span class='ocrx_word' id='word_1_78' title='bbox 760 1734 825 1763; x_wconf 83' lang='lat' dir='ltr'>tro-</span> 
     </span>
     <span class='ocr_line' id='line_1_31' title="bbox 621 1779 714 1820; baseline 0 -10"><span class='ocrx_word' id='word_1_79' title='bbox 621 1779 714 1820; x_wconf 85' lang='lat' dir='ltr'>phea‚</span> 
     </span>
     <span class='ocr_line' id='line_1_32' title="bbox 295 1827 609 1868; baseline -0.003 -8"><span class='ocrx_word' id='word_1_80' title='bbox 295 1828 358 1860; x_wconf 86' lang='lat' dir='ltr'>Pro</span> <span class='ocrx_word' id='word_1_81' title='bbox 383 1829 477 1868; x_wconf 82' lang='lat' dir='ltr'>gustu</span> <span class='ocrx_word' id='word_1_82' title='bbox 502 1827 609 1859; x_wconf 85' lang='lat' dir='ltr'>calicis</span> 
     </span>
     <span class='ocr_line' id='line_1_33' title="bbox 343 1874 847 1915; baseline 0.002 -9"><span class='ocrx_word' id='word_1_83' title='bbox 343 1875 397 1915; x_wconf 87' lang='lat' dir='ltr'>qui</span> <span class='ocrx_word' id='word_1_84' title='bbox 421 1884 536 1915; x_wconf 80' lang='lat' dir='ltr'>magna</span> <span class='ocrx_word' id='word_1_85' title='bbox 559 1874 710 1915; x_wconf 79' lang='lat' dir='ltr'>rependis</span> <span class='ocrx_word' id='word_1_86' title='bbox 727 1875 847 1907; x_wconf 86' lang='lat' dir='ltr'>amicis.</span> 
     </span>
    </p>
   </div>
   <div class='ocr_carea' id='block_1_11' title="bbox 237 1941 806 2117">
    <p class='ocr_par' dir='ltr' id='par_1_18' title="bbox 237 1941 801 1982">
     <span class='ocr_line' id='line_1_34' title="bbox 237 1941 801 1982; baseline -0.004 -8"><span class='ocrx_word' id='word_1_87' title='bbox 237 1943 269 1975; x_wconf 84' lang='lat'>2.</span> <span class='ocrx_word' id='word_1_88' title='bbox 295 1941 357 1973; x_wconf 89' lang='lat' dir='ltr'>Dei</span> <span class='ocrx_word' id='word_1_89' title='bbox 382 1943 587 1981; x_wconf 86' lang='lat' dir='ltr'>praeceptum</span> <span class='ocrx_word' id='word_1_90' title='bbox 612 1941 801 1982; x_wconf 81' lang='lat' dir='ltr'>praedicans</span> 
     </span>
    </p>

    <p class='ocr_par' dir='ltr' id='par_1_19' title="bbox 296 1988 806 2117">
     <span class='ocr_line' id='line_1_35' title="bbox 341 1988 707 2029; baseline -0.005 -8"><span class='ocrx_word' id='word_1_91' title='bbox 341 1989 406 2021; x_wconf 90' lang='lat' dir='ltr'>Hic</span> <span class='ocrx_word' id='word_1_92' title='bbox 429 1989 556 2021; x_wconf 81' lang='lat' dir='ltr'>Blasius</span> <span class='ocrx_word' id='word_1_93' title='bbox 582 1988 707 2029; x_wconf 76' lang='lat' dir='ltr'>enituit,</span> 
     </span>
     <span class='ocr_line' id='line_1_36' title="bbox 296 2035 806 2076; baseline 0.002 -9"><span class='ocrx_word' id='word_1_94' title='bbox 296 2037 394 2076; x_wconf 78' lang='lat' dir='ltr'>Quem</span> <span class='ocrx_word' id='word_1_95' title='bbox 419 2045 476 2068; x_wconf 82' lang='lat' dir='ltr'>rex</span> <span class='ocrx_word' id='word_1_96' title='bbox 501 2045 577 2068; x_wconf 89' lang='lat' dir='ltr'>vere</span> <span class='ocrx_word' id='word_1_97' title='bbox 600 2035 806 2076; x_wconf 80' lang='lat' dir='ltr'>magnificans</span> 
     </span>
     <span class='ocr_line' id='line_1_37' title="bbox 343 2083 790 2117; baseline 0.002 -2"><span class='ocrx_word' id='word_1_98' title='bbox 343 2083 381 2115; x_wconf 91' lang='lat' dir='ltr'>In</span> <span class='ocrx_word' id='word_1_99' title='bbox 405 2085 513 2115; x_wconf 87' lang='lat' dir='ltr'>monte</span> <span class='ocrx_word' id='word_1_100' title='bbox 536 2086 644 2116; x_wconf 83' lang='lat' dir='ltr'>sancto</span> <span class='ocrx_word' id='word_1_101' title='bbox 669 2084 790 2117; x_wconf 83' lang='lat' dir='ltr'>statuit.</span> 
     </span>
    </p>
   </div>
   <div class='ocr_carea' id='block_1_12' title="bbox 234 2148 823 2372">
    <p class='ocr_par' dir='ltr' id='par_1_20' title="bbox 234 2148 823 2372">
     <span class='ocr_line' id='line_1_38' title="bbox 234 2148 655 2190; baseline -0.002 -7"><span class='ocrx_word' id='word_1_102' title='bbox 234 2152 266 2185; x_wconf 83' lang='lat'>3.</span> <span class='ocrx_word' id='word_1_103' title='bbox 292 2148 485 2190; x_wconf 80' lang='lat' dir='ltr'>Mirifieasti‚</span> <span class='ocrx_word' id='word_1_104' title='bbox 510 2149 655 2188; x_wconf 88' lang='lat' dir='ltr'>Domine,</span> 
     </span>
     <span class='ocr_line' id='line_1_39' title="bbox 343 2197 823 2240; baseline 0.004 -11"><span class='ocrx_word' id='word_1_105' title='bbox 343 2197 494 2231; x_wconf 85' lang='lat' dir='ltr'>Sanctum</span> <span class='ocrx_word' id='word_1_106' title='bbox 518 2199 607 2230; x_wconf 89' lang='lat' dir='ltr'>tuum</span> <span class='ocrx_word' id='word_1_107' title='bbox 628 2198 662 2229; x_wconf 91' lang='lat' dir='ltr'>in</span> <span class='ocrx_word' id='word_1_108' title='bbox 687 2199 823 2240; x_wconf 84' lang='lat' dir='ltr'>saecula,</span> 
     </span>
     <span class='ocr_line' id='line_1_40' title="bbox 295 2245 789 2286; baseline 0.004 -10"><span class='ocrx_word' id='word_1_109' title='bbox 295 2246 393 2285; x_wconf 82' lang='lat' dir='ltr'>Quem</span> <span class='ocrx_word' id='word_1_110' title='bbox 419 2253 478 2284; x_wconf 87' lang='lat' dir='ltr'>pro</span> <span class='ocrx_word' id='word_1_111' title='bbox 504 2245 610 2285; x_wconf 85' lang='lat' dir='ltr'>gregis</span> <span class='ocrx_word' id='word_1_112' title='bbox 635 2245 789 2286; x_wconf 87' lang='lat' dir='ltr'>regimine</span> 
     </span>
     <span class='ocr_line' id='line_1_41' title="bbox 341 2291 648 2325; baseline 0 0"><span class='ocrx_word' id='word_1_113' title='bbox 341 2291 522 2325; x_wconf 84' lang='lat' dir='ltr'>Pontificali</span> <span class='ocrx_word' id='word_1_114' title='bbox 546 2291 648 2325; x_wconf 77' lang='lat' dir='ltr'>infula</span> 
     </span>
     <span class='ocr_line' id='line_1_42' title="bbox 387 2339 535 2372; baseline 0 0"><span class='ocrx_word' id='word_1_115' title='bbox 387 2339 535 2372; x_wconf 83' lang='lat' dir='ltr'>Induisti.</span> 
     </span>
    </p>
   </div>
   <div class='ocr_carea' id='block_1_13' title="bbox 1121 185 1326 220">
    <p class='ocr_par' dir='ltr' id='par_1_21' title="bbox 1121 185 1326 220">
     <span class='ocr_line' id='line_1_43' title="bbox 1121 185 1326 220; baseline 0 -8"><span class='ocrx_word' id='word_1_116' title='bbox 1121 185 1326 220; x_wconf 84' lang='lat' dir='ltr'>Responsoria.</span> 
     </span>
    </p>
   </div>
   <div class='ocr_carea' id='block_1_14' title="bbox 915 259 1536 772">
    <p class='ocr_par' dir='ltr' id='par_1_22' title="bbox 915 259 1536 772">
     <span class='ocr_line' id='line_1_44' title="bbox 925 259 1202 303; baseline -0.011 -8"><span class='ocrx_word' id='word_1_117' title='bbox 925 262 955 295; x_wconf 86' lang='lat'>1.</span> <span class='ocrx_word' id='word_1_118' title='bbox 981 262 1080 301; x_wconf 72' lang='lat' dir='ltr'>Quam</span> <span class='ocrx_word' id='word_1_119' title='bbox 1105 259 1202 303; x_wconf 82' lang='lat' dir='ltr'>felici,</span> 
     </span>
     <span class='ocr_line' id='line_1_45' title="bbox 1034 307 1382 348; baseline -0.006 -7"><span class='ocrx_word' id='word_1_120' title='bbox 1034 308 1168 348; x_wconf 84' lang='lat' dir='ltr'>Christe,</span> <span class='ocrx_word' id='word_1_121' title='bbox 1196 307 1382 339; x_wconf 86' lang='lat' dir='ltr'>commercio</span> 
     </span>
     <span class='ocr_line' id='line_1_46' title="bbox 986 354 1181 387; baseline -0.005 0"><span class='ocrx_word' id='word_1_122' title='bbox 986 356 1071 387; x_wconf 85' lang='lat' dir='ltr'>Tuos</span> <span class='ocrx_word' id='word_1_123' title='bbox 1099 354 1181 386; x_wconf 85' lang='lat' dir='ltr'>ditas</span> 
     </span>
     <span class='ocr_line' id='line_1_47' title="bbox 1030 402 1349 443; baseline -0.003 -9"><span class='ocrx_word' id='word_1_124' title='bbox 1030 404 1209 443; x_wconf 84' lang='lat' dir='ltr'>quantoque</span> <span class='ocrx_word' id='word_1_125' title='bbox 1224 402 1349 442; x_wconf 83' lang='lat' dir='ltr'>gaudio,</span> 
     </span>
     <span class='ocr_line' id='line_1_48' title="bbox 981 449 1160 490; baseline -0.017 -8"><span class='ocrx_word' id='word_1_126' title='bbox 981 451 1020 482; x_wconf 93' lang='lat' dir='ltr'>In</span> <span class='ocrx_word' id='word_1_127' title='bbox 1043 449 1160 490; x_wconf 86' lang='lat' dir='ltr'>insigni</span> 
     </span>
     <span class='ocr_line' id='line_1_49' title="bbox 1032 496 1318 538; baseline -0.01 -9"><span class='ocrx_word' id='word_1_128' title='bbox 1032 496 1175 529; x_wconf 76' lang='lat' dir='ltr'>declaras</span> <span class='ocrx_word' id='word_1_129' title='bbox 1200 496 1318 538; x_wconf 80' lang='lat' dir='ltr'>Blasio,</span> 
     </span>
     <span class='ocr_line' id='line_1_50' title="bbox 983 544 1266 584; baseline -0.004 -9"><span class='ocrx_word' id='word_1_130' title='bbox 983 544 1041 584; x_wconf 76' lang='lat' dir='ltr'>Qui</span> <span class='ocrx_word' id='word_1_131' title='bbox 1066 545 1266 584; x_wconf 79' lang='lat' dir='ltr'>praesentem</span> 
     </span>
     <span class='ocr_line' id='line_1_51' title="bbox 1031 590 1291 630; baseline -0.012 -6"><span class='ocrx_word' id='word_1_132' title='bbox 1031 592 1114 624; x_wconf 90' lang='lat' dir='ltr'>diem</span> <span class='ocrx_word' id='word_1_133' title='bbox 1137 590 1291 630; x_wconf 80' lang='lat' dir='ltr'>martyrio</span> 
     </span>
     <span class='ocr_line' id='line_1_52' title="bbox 1078 637 1290 671; baseline -0.019 0"><span class='ocrx_word' id='word_1_134' title='bbox 1078 637 1290 671; x_wconf 76' lang='lat' dir='ltr'>Consecravit.</span> 
     </span>
     <span class='ocr_line' id='line_1_53' title="bbox 915 683 1536 718; baseline -0.006 0"><span class='ocrx_word' id='word_1_135' title='bbox 915 686 952 718; x_wconf 91' lang='lat' dir='ltr'>V.</span> <span class='ocrx_word' id='word_1_136' title='bbox 982 684 1099 718; x_wconf 71' lang='lat' dir='ltr'>Gloria</span> <span class='ocrx_word' id='word_1_137' title='bbox 1147 687 1175 717; x_wconf 76' lang='lat' dir='ltr'>et</span> <span class='ocrx_word' id='word_1_138' title='bbox 1213 684 1333 716; x_wconf 74' lang='lat' dir='ltr'>honore</span> <span class='ocrx_word' id='word_1_139' title='bbox 1375 683 1536 716; x_wconf 66' lang='lat' dir='ltr'>coronasti</span> 
     </span>
     <span class='ocr_line' id='line_1_54' title="bbox 980 731 1237 772; baseline -0.004 -7"><span class='ocrx_word' id='word_1_140' title='bbox 980 742 1061 772; x_wconf 50' lang='lat' dir='ltr'>euin,</span> <span class='ocrx_word' id='word_1_141' title='bbox 1085 731 1237 765; x_wconf 69' lang='lat' dir='ltr'>Domine.</span> 
     </span>
    </p>
   </div>
   <div class='ocr_carea' id='block_1_15' title="bbox 913 808 1529 1219">
    <p class='ocr_par' dir='ltr' id='par_1_23' title="bbox 913 808 1529 1219">
     <span class='ocr_line' id='line_1_55' title="bbox 925 808 1168 842; baseline -0.016 0"><span class='ocrx_word' id='word_1_142' title='bbox 925 811 956 842; x_wconf 86' lang='lat'>2.</span> <span class='ocrx_word' id='word_1_143' title='bbox 982 808 1168 841; x_wconf 84' lang='lat' dir='ltr'>Sanctitatis</span> 
     </span>
     <span class='ocr_line' id='line_1_56' title="bbox 1030 853 1388 896; baseline -0.011 -8"><span class='ocrx_word' id='word_1_144' title='bbox 1030 854 1234 896; x_wconf 79' lang='lat' dir='ltr'>praefulgens</span> <span class='ocrx_word' id='word_1_145' title='bbox 1259 853 1388 892; x_wconf 72' lang='lat' dir='ltr'>lumine,</span> 
     </span>
     <span class='ocr_line' id='line_1_57' title="bbox 985 902 1193 942; baseline -0.019 -5"><span class='ocrx_word' id='word_1_146' title='bbox 985 905 1030 937; x_wconf 91' lang='lat' dir='ltr'>Ut</span> <span class='ocrx_word' id='word_1_147' title='bbox 1055 902 1193 942; x_wconf 86' lang='lat' dir='ltr'>fulgeret</span> 
     </span>
     <span class='ocr_line' id='line_1_58' title="bbox 1030 948 1312 989; baseline -0.011 -7"><span class='ocrx_word' id='word_1_148' title='bbox 1030 951 1085 982; x_wconf 85' lang='lat' dir='ltr'>lux</span> <span class='ocrx_word' id='word_1_149' title='bbox 1108 949 1142 981; x_wconf 92' lang='lat' dir='ltr'>in</span> <span class='ocrx_word' id='word_1_150' title='bbox 1168 948 1312 989; x_wconf 66' lang='lat' dir='ltr'>caligine,</span> 
     </span>
     <span class='ocr_line' id='line_1_59' title="bbox 982 997 1184 1031; baseline -0.02 0"><span class='ocrx_word' id='word_1_151' title='bbox 982 997 1184 1031; x_wconf 86' lang='lat' dir='ltr'>Praesulatus</span> 
     </span>
     <span class='ocr_line' id='line_1_60' title="bbox 1028 1042 1390 1077; baseline -0.014 0"><span class='ocrx_word' id='word_1_152' title='bbox 1028 1045 1077 1077; x_wconf 89' lang='lat' dir='ltr'>vir</span> <span class='ocrx_word' id='word_1_153' title='bbox 1101 1046 1228 1075; x_wconf 82' lang='lat' dir='ltr'>sanctus</span> <span class='ocrx_word' id='word_1_154' title='bbox 1254 1042 1390 1074; x_wconf 85' lang='lat' dir='ltr'>eulmine</span> 
     </span>
     <span class='ocr_line' id='line_1_61' title="bbox 1075 1091 1278 1124; baseline -0.015 -1"><span class='ocrx_word' id='word_1_155' title='bbox 1075 1091 1278 1124; x_wconf 80' lang='lat' dir='ltr'>sublimatur.</span> 
     </span>
     <span class='ocr_line' id='line_1_62' title="bbox 913 1135 1529 1172; baseline -0.008 0"><span class='ocrx_word' id='word_1_156' title='bbox 913 1140 951 1172; x_wconf 93' lang='lat' dir='ltr'>V.</span> <span class='ocrx_word' id='word_1_157' title='bbox 984 1140 1026 1172; x_wconf 74' lang='lat' dir='ltr'>Ut</span> <span class='ocrx_word' id='word_1_158' title='bbox 1057 1139 1173 1171; x_wconf 75' lang='lat' dir='ltr'>luceret</span> <span class='ocrx_word' id='word_1_159' title='bbox 1205 1136 1353 1170; x_wconf 72' lang='lat' dir='ltr'>omnibus</span> <span class='ocrx_word' id='word_1_160' title='bbox 1374 1145 1412 1167; x_wconf 74' lang='lat' dir='ltr'>m</span> <span class='ocrx_word' id='word_1_161' title='bbox 1437 1135 1529 1167; x_wconf 79' lang='lat' dir='ltr'>domo</span> 
     </span>
     <span class='ocr_line' id='line_1_63' title="bbox 981 1186 1130 1219; baseline -0.02 0"><span class='ocrx_word' id='word_1_162' title='bbox 981 1186 1130 1219; x_wconf 57' lang='lat' dir='ltr'>Domini.</span> 
     </span>
    </p>
   </div>
   <div class='ocr_carea' id='block_1_16' title="bbox 907 1261 1528 1776">
    <p class='ocr_par' dir='ltr' id='par_1_24' title="bbox 907 1261 1528 1776">
     <span class='ocr_line' id='line_1_64' title="bbox 923 1261 1163 1303; baseline -0.021 -7"><span class='ocrx_word' id='word_1_163' title='bbox 923 1264 953 1296; x_wconf 84' lang='lat'>3.</span> <span class='ocrx_word' id='word_1_164' title='bbox 980 1261 1163 1303; x_wconf 83' lang='lat' dir='ltr'>Requisitus</span> 
     </span>
     <span class='ocr_line' id='line_1_65' title="bbox 1026 1307 1329 1347; baseline -0.013 -5"><span class='ocrx_word' id='word_1_165' title='bbox 1026 1310 1154 1342; x_wconf 82' lang='lat' dir='ltr'>sanctus</span> <span class='ocrx_word' id='word_1_166' title='bbox 1180 1317 1198 1339; x_wconf 86' lang='lat' dir='ltr'>a</span> <span class='ocrx_word' id='word_1_167' title='bbox 1219 1307 1329 1347; x_wconf 83' lang='lat' dir='ltr'>judice</span> 
     </span>
     <span class='ocr_line' id='line_1_66' title="bbox 981 1354 1218 1390; baseline -0.013 -1"><span class='ocrx_word' id='word_1_168' title='bbox 981 1356 1100 1390; x_wconf 86' lang='lat' dir='ltr'>Christi</span> <span class='ocrx_word' id='word_1_169' title='bbox 1122 1354 1218 1387; x_wconf 87' lang='lat' dir='ltr'>fidem</span> 
     </span>
     <span class='ocr_line' id='line_1_67' title="bbox 1026 1402 1303 1442; baseline -0.014 -6"><span class='ocrx_word' id='word_1_170' title='bbox 1026 1403 1144 1436; x_wconf 79' lang='lat' dir='ltr'>fatetur</span> <span class='ocrx_word' id='word_1_171' title='bbox 1166 1402 1303 1442; x_wconf 86' lang='lat' dir='ltr'>publice,</span> 
     </span>
     <span class='ocr_line' id='line_1_68' title="bbox 978 1451 1180 1489; baseline -0.015 -6"><span class='ocrx_word' id='word_1_172' title='bbox 978 1451 1081 1483; x_wconf 87' lang='lat' dir='ltr'>Multo</span> <span class='ocrx_word' id='word_1_173' title='bbox 1106 1458 1180 1489; x_wconf 82' lang='lat' dir='ltr'>ergo</span> 
     </span>
     <span class='ocr_line' id='line_1_69' title="bbox 1025 1495 1331 1536; baseline -0.013 -6"><span class='ocrx_word' id='word_1_174' title='bbox 1025 1496 1168 1530; x_wconf 81' lang='lat' dir='ltr'>caeditur</span> <span class='ocrx_word' id='word_1_175' title='bbox 1189 1495 1331 1536; x_wconf 88' lang='lat' dir='ltr'>verbere,</span> 
     </span>
     <span class='ocr_line' id='line_1_70' title="bbox 979 1544 1194 1577; baseline -0.014 0"><span class='ocrx_word' id='word_1_176' title='bbox 979 1545 1043 1577; x_wconf 85' lang='lat' dir='ltr'>Sed</span> <span class='ocrx_word' id='word_1_177' title='bbox 1067 1544 1194 1577; x_wconf 83' lang='lat' dir='ltr'>verberi</span> 
     </span>
     <span class='ocr_line' id='line_1_71' title="bbox 1025 1590 1339 1624; baseline -0.01 0"><span class='ocrx_word' id='word_1_178' title='bbox 1025 1601 1089 1624; x_wconf 88' lang='lat' dir='ltr'>non</span> <span class='ocrx_word' id='word_1_179' title='bbox 1112 1590 1201 1623; x_wconf 84' lang='lat' dir='ltr'>novit</span> <span class='ocrx_word' id='word_1_180' title='bbox 1226 1591 1339 1622; x_wconf 82' lang='lat' dir='ltr'>cedere</span> 
     </span>
     <span class='ocr_line' id='line_1_72' title="bbox 1073 1638 1330 1673; baseline -0.004 -3"><span class='ocrx_word' id='word_1_181' title='bbox 1073 1638 1166 1672; x_wconf 88' lang='lat' dir='ltr'>Mens</span> <span class='ocrx_word' id='word_1_182' title='bbox 1190 1638 1330 1673; x_wconf 83' lang='lat' dir='ltr'>immota,</span> 
     </span>
     <span class='ocr_line' id='line_1_73' title="bbox 907 1685 1528 1726; baseline -0.006 -6"><span class='ocrx_word' id='word_1_183' title='bbox 907 1687 944 1720; x_wconf 92' lang='lat' dir='ltr'>V.</span> <span class='ocrx_word' id='word_1_184' title='bbox 975 1687 1020 1719; x_wconf 78' lang='lat' dir='ltr'>In</span> <span class='ocrx_word' id='word_1_185' title='bbox 1048 1687 1114 1719; x_wconf 81' lang='lat' dir='ltr'>loco</span> <span class='ocrx_word' id='word_1_186' title='bbox 1141 1685 1329 1726; x_wconf 71' lang='lat' dir='ltr'>afflictionis</span> <span class='ocrx_word' id='word_1_187' title='bbox 1353 1694 1432 1717; x_wconf 78' lang='lat' dir='ltr'>suae</span> <span class='ocrx_word' id='word_1_188' title='bbox 1456 1695 1528 1717; x_wconf 71' lang='lat' dir='ltr'>cooz-</span> 
     </span>
     <span class='ocr_line' id='line_1_74' title="bbox 977 1733 1392 1776; baseline -0.01 -8"><span class='ocrx_word' id='word_1_189' title='bbox 977 1735 1086 1776; x_wconf 74' lang='lat' dir='ltr'>fitetwr</span> <span class='ocrx_word' id='word_1_190' title='bbox 1110 1742 1230 1765; x_wconf 62' lang='lat' dir='ltr'>‘nomen</span> <span class='ocrx_word' id='word_1_191' title='bbox 1253 1733 1319 1764; x_wconf 70' lang='lat' dir='ltr'>Dei</span> <span class='ocrx_word' id='word_1_192' title='bbox 1342 1733 1392 1765; x_wconf 77' lang='lat' dir='ltr'>sm&#39;</span> 
     </span>
    </p>
   </div>
   <div class='ocr_carea' id='block_1_17' title="bbox 1032 1904 1392 1939">
    <p class='ocr_par' dir='ltr' id='par_1_25' title="bbox 1032 1904 1392 1939">
     <span class='ocr_line' id='line_1_75' title="bbox 1032 1904 1392 1939; baseline -0.006 0"><span class='ocrx_word' id='word_1_193' title='bbox 1032 1907 1079 1939; x_wconf 91' lang='lat' dir='ltr'>In</span> <span class='ocrx_word' id='word_1_194' title='bbox 1106 1907 1136 1937; x_wconf 83' lang='lat'>2.</span> <span class='ocrx_word' id='word_1_195' title='bbox 1163 1904 1220 1936; x_wconf 84' lang='lat' dir='ltr'>No</span> <span class='ocrx_word' id='word_1_196' title='bbox 1233 1907 1392 1938; x_wconf 76' lang='lat' dir='ltr'>cturno.</span> 
     </span>
    </p>
   </div>
   <div class='ocr_carea' id='block_1_18' title="bbox 1117 1979 1313 2015">
    <p class='ocr_par' dir='ltr' id='par_1_26' title="bbox 1117 1979 1313 2015">
     <span class='ocr_line' id='line_1_76' title="bbox 1117 1979 1313 2015; baseline 0 -8"><span class='ocrx_word' id='word_1_197' title='bbox 1117 1979 1313 2015; x_wconf 83' lang='lat' dir='ltr'>Antiphonae.</span> 
     </span>
    </p>
   </div>
   <div class='ocr_carea' id='block_1_19' title="bbox 922 2057 1360 2375">
    <p class='ocr_par' dir='ltr' id='par_1_27' title="bbox 922 2057 1360 2375">
     <span class='ocr_line' id='line_1_77' title="bbox 922 2057 1235 2096; baseline -0.016 -5"><span class='ocrx_word' id='word_1_198' title='bbox 922 2059 952 2091; x_wconf 80' lang='lat'>1.</span> <span class='ocrx_word' id='word_1_199' title='bbox 978 2057 1090 2090; x_wconf 83' lang='lat' dir='ltr'>Monte</span> <span class='ocrx_word' id='word_1_200' title='bbox 1112 2058 1235 2096; x_wconf 84' lang='lat' dir='ltr'>martyr</span> 
     </span>
     <span class='ocr_line' id='line_1_78' title="bbox 1023 2103 1302 2145; baseline -0.004 -9"><span class='ocrx_word' id='word_1_201' title='bbox 1023 2103 1123 2145; x_wconf 86' lang='lat' dir='ltr'>Argei</span> <span class='ocrx_word' id='word_1_202' title='bbox 1147 2103 1302 2143; x_wconf 85' lang='lat' dir='ltr'>conditus,</span> 
     </span>
     <span class='ocr_line' id='line_1_79' title="bbox 977 2151 1198 2184; baseline -0.009 0"><span class='ocrx_word' id='word_1_203' title='bbox 977 2152 1033 2184; x_wconf 86' lang='lat' dir='ltr'>Nil</span> <span class='ocrx_word' id='word_1_204' title='bbox 1058 2151 1198 2183; x_wconf 81' lang='lat' dir='ltr'>ferarum</span> 
     </span>
     <span class='ocr_line' id='line_1_80' title="bbox 1023 2198 1343 2239; baseline -0.003 -8"><span class='ocrx_word' id='word_1_205' title='bbox 1023 2207 1178 2231; x_wconf 79' lang='lat' dir='ltr'>concursu</span> <span class='ocrx_word' id='word_1_206' title='bbox 1201 2198 1343 2239; x_wconf 86' lang='lat' dir='ltr'>territus,</span> 
     </span>
     <span class='ocr_line' id='line_1_81' title="bbox 977 2246 1253 2280; baseline -0.011 0"><span class='ocrx_word' id='word_1_207' title='bbox 977 2248 1099 2280; x_wconf 83' lang='lat' dir='ltr'>Harum</span> <span class='ocrx_word' id='word_1_208' title='bbox 1126 2246 1253 2278; x_wconf 87' lang='lat' dir='ltr'>morbos</span> 
     </span>
     <span class='ocr_line' id='line_1_82' title="bbox 1024 2294 1360 2333; baseline 0.003 -7"><span class='ocrx_word' id='word_1_209' title='bbox 1024 2294 1066 2326; x_wconf 85' lang='lat' dir='ltr'>ad</span> <span class='ocrx_word' id='word_1_210' title='bbox 1091 2295 1210 2325; x_wconf 86' lang='lat' dir='ltr'>tactum</span> <span class='ocrx_word' id='word_1_211' title='bbox 1235 2295 1360 2333; x_wconf 86' lang='lat' dir='ltr'>penitus</span> 
     </span>
     <span class='ocr_line' id='line_1_83' title="bbox 1070 2341 1285 2375; baseline 0 -1"><span class='ocrx_word' id='word_1_212' title='bbox 1070 2341 1285 2375; x_wconf 84' lang='lat' dir='ltr'>Emundabat.</span> 
     </span>
    </p>
   </div>
  </div>
 </body>
</html>
