1650 2587
721 135 759 139 —
814 113 976 150 153—

190 212 230 245 V.
260 210 364 244 Senex
389 212 497 251 currit,

308 258 365 290 sed
389 259 447 290 illa
469 258 570 290 levius

261 306 485 337 Praecucurrit

310 355 342 383 et
365 353 463 384 multo
490 353 591 387 citius,

230 435 236 442 .
263 409 325 441 Dei
347 418 457 442 servus
483 410 524 441 ad
549 418 584 441 se
606 410 702 450 redit,

262 456 392 488 Rationi
415 465 503 489 mens
528 457 646 499 obedit,

262 504 326 536 Pro
351 504 456 536 Maria
481 505 566 543 apud
591 506 693 537 Deum

264 551 306 583 Se
328 549 448 583 fatetur
473 559 541 583 esse
566 560 664 592 reum,

225 622 231 628 .
261 597 367 631 Verbo
392 600 497 638 precis
522 599 634 631 anxiae

264 643 381 677 Munus
405 646 487 685 petit
510 646 633 680 veniae.

330 721 376 753 111
402 722 435 755 2.
460 720 516 752 No
528 723 690 754 cturno.

412 776 607 811 Antiphonae.

233 849 240 856 .
266 825 304 857 In
331 824 452 856 devotis
477 824 624 865 precibus

312 871 480 903 Exsistens
506 873 664 913 Aegyptia

273 918 350 951 Cum
374 918 524 951 membris
549 918 736 951 mortalibus

315 964 385 996 Jam
411 966 494 1005 petit
518 966 675 998 coelestia.

232 1047 239 1053 .
266 1021 387 1054 Videns
412 1030 534 1053 sursum
561 1021 719 1053 dominam

313 1068 453 1099 zosimas
477 1067 641 1107 obstupuit

265 1115 309 1147 Et
335 1115 501 1147 dediscens
526 1114 675 1147 feminam

312 1161 492 1194 Monstrum
517 1170 586 1193 esse
611 1162 740 1202 placuit.

233 1244 240 1251 .
266 1218 349 1250 Dum
374 1219 491 1250 aneilla
514 1217 576 1249 Dei
599 1218 657 1250 illa

314 1265 404 1297 Vidit
429 1273 533 1297 senem
561 1265 706 1297 dubium:

262 1312 323 1345 Dei
347 1313 471 1351 plasma
495 1321 558 1344 non
583 1312 771 1352 phantasma

314 1358 398 1398 Sum,
425 1360 471 1391 ait
492 1360 534 1391 ad
559 1360 686 1392 socium.

408 1424 614 1460 Responsoria.

233 1500 240 1507 .
266 1474 473 1505 Peccatorum
496 1473 537 1504 ad
563 1472 739 1514 exemplum

267 1521 394 1553 Intrare
417 1519 545 1559 nequivi
566 1520 728 1560 templum,

268 1568 314 1600 Ut
337 1570 506 1606 peccantes
531 1575 589 1606 per
613 1576 664 1598 me
686 1567 819 1606 discant,

266 1614 356 1654 Quod
383 1614 423 1645 de
444 1613 536 1646 malis
561 1615 760 1654 resipiscant,

194 1662 233 1694 V.
261 1662 341 1694 Mox
365 1662 476 1693 veniae
500 1664 574 1700 peto
598 1670 720 1701 munus,

265 1709 355 1748 Quod
388 1717 451 1740 non
488 1707 595 1739 differt
618 1709 705 1741 Deus
728 1717 819 1742 unus,

324 1785 371 1817 In
397 1786 429 1818 3.
455 1784 688 1816 Nocturno.

404 1840 612 1877 Responsoria.

232 1917 239 1924 .
266 1890 462 1921 Veneremur

314 1945 421 1968 omnes
446 1937 637 1976 Aegyptiam

266 1985 491 2017 Revertentem

315 2032 358 2063 ad
384 2031 463 2063 coeli
486 2031 635 2071 patriam,

268 2079 356 2112 Coeli
381 2077 483 2110 fertur

315 2135 384 2158 eum
409 2126 509 2158 sacris
535 2125 636 2164 epulis

264 2173 452 2208 Carnalibus

314 2222 418 2253 soluta
441 2218 594 2258 vinculis3

194 2271 232 2304 V.
262 2270 353 2303 Haec
377 2270 507 2308 peracto

315 2315 435 2348 carnali
459 2313 582 2355 proelio

265 2365 413 2398 Sociatur

313 2411 394 2443 coeli
419 2408 561 2450 collegiO.

888 346 921 376 1.

892 1132 910 1164 ι’(

1039 210 1084 243 In
1108 208 1338 241 Laudibus.

1087 284 1281 320 Antiphonae.

946 342 1109 376 Laudibus
1134 344 1184 373 est
1207 341 1321 381 dignus

993 389 1100 422 multis
1125 398 1181 421 rex
1204 389 1260 420 ille
1284 388 1446 428 benignus,

948 438 1007 476 Qui
1033 437 1073 469 de
1096 439 1197 468 morte
1220 435 1305 475 piam

993 484 1094 516 voluit
1117 491 1245 516 servare
1269 482 1414 514 Mariam.

915 566 922 572 .
949 540 1049 572 Nobis
1074 547 1143 570 esse
1164 539 1249 571 bona

995 588 1134 628 dignare,
1159 586 1273 625 Maria,
1299 588 1444 627 patrona,

948 634 1038 673 Quod
1064 642 1133 664 cum
1159 634 1254 665 corde
1277 633 1348 672 pari

994 684 1050 713 tua
1072 679 1155 712 festa
1177 681 1266 713 vides
1292 678 1446 712 venerari.

949 738 1002 770 Ad
1024 741 1056 769 te
1082 737 1254 769 clamantes

995 784 1125 824 pariter,
1151 784 1247 823 Deus,
1274 785 1305 814 et
1334 783 1501 823 vigilantes

947 831 1015 863 Fac
1038 831 1120 863 illud
1143 834 1261 872 petere,

995 879 1079 919 quod
1096 878 1158 909 scis
1176 878 1235 910 tibi
1253 885 1346 917 posse
1362 877 1499 916 placere.

915 959 923 967 .
949 935 1059 967 Victor
1084 936 1116 965 et
1139 934 1274 966 invictus

994 982 1044 1013 leo
1070 980 1213 1012 Christus
1236 981 1277 1011 sit
1302 980 1499 1013 benedictus,

946 1028 990 1060 Et
1012 1036 1068 1060 nos
1093 1028 1265 1067 psallentes

997 1074 1165 1106 benedicat
1188 1083 1222 1106 se
1246 1075 1443 1105 venerantes.

915 1155 923 1163 .
949 1131 1118 1163 Rectorem
1144 1131 1223 1162 caeli

995 1178 1158 1210 laudemus
1182 1178 1287 1209 mente
1310 1176 1408 1217 fideli,

949 1225 994 1258 Ut
1018 1234 1088 1257 cum
1112 1225 1207 1256 laude
1228 1224 1282 1264 pia

995 1281 1053 1304 nos
1077 1272 1208 1311 adjuvet
1230 1271 1314 1303 alma
1335 1271 1451 1303 Maria.

1065 1355 1111 1382 Ad
1129 1355 1312 1383 Benedictus.

951 1413 1097 1445 Gloriosa
1120 1412 1182 1444 Dei
1204 1420 1329 1452 sponsa,

949 1460 1098 1499 Quamvis
1126 1460 1219 1491 modo
1244 1459 1288 1489 sis
1312 1459 1468 1491 absconsa

996 1508 1034 1540 In
1059 1507 1167 1546 sponsi
1191 1507 1236 1538 tui
1260 1506 1409 1546 thalamo,

997 1554 1063 1587 Nos
1098 1553 1257 1586 daemonis
1282 1553 1383 1585 laesos
1408 1555 1500 1585 hamo

947 1603 1047 1634 Prcce
1071 1604 1124 1633 tua
1147 1602 1320 1641 perpetuae

949 1649 1085 1682 Sanitati
1108 1648 1250 1686 restitue,

996 1696 1174 1738 Nunquam,
1199 1697 1310 1736 mater,
1336 1695 1379 1726 sis
1401 1694 1500 1727 oblita

996 1743 1063 1776 Nos
1093 1746 1260 1782 precantes
1285 1742 1317 1773 in
1343 1742 1403 1774 hac
1423 1742 1499 1773 vita.

1021 1857 1066 1889 In
1092 1858 1123 1889 2.
1151 1856 1368 1896 Vesperis.

1069 1921 1115 1949 Ad
1134 1920 1312 1957 Mag-nificat.

951 1980 975 2013 O
1001 1980 1087 2011 Deus
1112 1978 1292 2019 ineffabilis,

946 2028 1008 2060 Per
1033 2026 1140 2059 omnia
1161 2025 1343 2065 laudabilis,

952 2074 1011 2113 Qui
1036 2082 1152 2112 omnes,
1178 2081 1255 2113 quos
1280 2071 1431 2114 vivificas,

950 2122 1035 2154 Miro
1060 2121 1153 2152 modo
1177 2118 1335 2163 mirificas,

949 2169 1009 2208 Da,
1036 2171 1071 2200 ut
1095 2170 1204 2199 sancta
1229 2167 1329 2199 oratio

948 2216 1074 2248 Mariae
1097 2215 1141 2246 sit
1160 2215 1299 2255 placatio

951 2263 1023 2295 Irae
1047 2266 1120 2295 tuae
1143 2271 1202 2302 pro
1227 2261 1370 2294 omnibus

950 2311 1055 2343 Laudi
1080 2313 1153 2341 tuae
1178 2310 1387 2342 adstantibus.

930 2358 1040 2398 ,Vale,
1068 2357 1168 2389 dulcis
1193 2358 1362 2397 Aegyptia,

951 2406 1094 2441 Aeterna
1116 2403 1226 2438 fruens
1249 2405 1360 2445 gloria.
