1650 2587
701 85 840 120 —52

215 206 221 212 .
250 181 367 214 Christi
393 181 466 213 dum
492 180 651 213 confessor
675 182 775 213 almus

296 229 380 268 apud
407 229 509 260 aulam
535 228 651 268 regiam

253 275 443 310 Moraretur‚
469 275 661 307 Ravennatis

297 322 442 353 misertus
468 324 516 353 est
540 322 664 362 viduae,

248 367 365 399 Filium
390 377 469 407 quae
492 376 593 407 nuper
617 366 757 398 functum

299 414 438 453 ejulabat
459 414 601 452 unicum3

214 488 221 494 .
251 461 332 492 Nam
358 470 427 492 cum
451 461 530 492 haec
555 461 609 492 diu
630 461 752 499 jaceret

296 508 362 546 ejus
386 508 428 539 ad
452 508 627 547 vestigium,

250 554 328 585 Mox
353 554 471 585 orando
496 553 660 585 suscitavit

299 601 465 640 vivumque
488 600 582 631 matri
606 598 758 631 reddidit.

316 751 361 782 ln
386 751 416 782 3.
443 751 668 782 Nocturno.

390 823 585 859 Antiphonae.

223 905 230 912 .
256 881 345 912 Tunc
373 884 499 912 sanctus
523 881 690 912 miseratus

295 937 367 959 mox
391 928 522 959 bibendi
547 929 659 967 poculo

249 973 422 1006 Benedicto
445 977 652 1014 porrectoque

298 1025 386 1052 curat
411 1030 430 1052 a
456 1022 629 1060 daemonio,

252 1068 291 1099 Id
316 1068 397 1107 quod
424 1068 491 1106 eius
516 1066 675 1099 referente

297 1115 453 1154 cognitum
479 1117 527 1145 est
551 1115 673 1147 comite.

217 1213 224 1221 .
251 1188 384 1221 Sanetus
409 1198 482 1220 mox
510 1191 546 1220 ut
569 1190 652 1220 necti
678 1190 777 1229 quivit

295 1236 517 1267 monachorum
545 1236 660 1276 cuneis,

249 1283 362 1321 Coepit
387 1283 525 1313 eminere
551 1283 670 1314 cunctis

295 1330 327 1360 in
351 1329 501 1360 virtutum
526 1329 658 1368 actibus,

256 1376 300 1407 Et
325 1376 378 1415 qui
402 1376 604 1407 instruendus
630 1376 726 1418 venit,

296 1421 454 1461 perfectus
480 1423 636 1461 apparuit.

213 1523 220 1529 .
246 1497 335 1528 Tunc
360 1497 498 1528 directus
524 1499 572 1528 est
595 1498 750 1529 medendo

293 1554 313 1575 a
336 1547 428 1583 patre
451 1544 646 1575 sanctissimo

249 1591 302 1622 Ad
325 1591 434 1622 urbem
460 1591 677 1622 Arelatensem

296 1638 363 1668 viro
389 1638 612 1676 illustrissimo,

255 1683 390 1714 Nomine
411 1683 553 1715 Firmino
578 1692 691 1722 nempe

293 1739 331 1761 ac
356 1730 623 1761 christianissimo.

382 1841 588 1876 Responsoria.

212 1933 219 1940 .
245 1908 321 1940 Cum
342 1908 409 1947 jam
433 1908 480 1939 sol
505 1907 700 1939 occubuisset

295 1955 455 1987 declinans
480 1955 521 1986 ad
546 1962 722 1993 vesperum,

247 2002 320 2033 Viro
343 2001 404 2033 Dei
428 2002 468 2033 ad
494 2001 594 2032 altare

290 2051 512 2088 praesentatur
534 2048 656 2086 mulier,

247 2096 332 2134 Quae
365 2104 435 2127 cum
460 2104 569 2134 spumo
594 2103 632 2126 ac
655 2094 793 2125 stridore

293 2142 433 2181 ejulabat
452 2142 586 2182 jugiter3

206 2218 213 2223 .
243 2190 332 2221 Tunc
356 2192 482 2221 sanctus
507 2189 573 2220 solo
598 2190 777 2228 prostratus

292 2237 323 2267 in
350 2236 542 2268 orationibus

246 2284 374 2316 Omnem
398 2284 461 2314 vim
488 2283 720 2315 daemoniorum

289 2340 361 2362 mox
384 2330 424 2362 ab
453 2339 490 2362 ea
515 2330 646 2370 depulit.

867 182 898 213 2.
924 182 1057 220 Quidam
1081 191 1160 222 puer
1185 182 1262 213 clari
1288 180 1349 213 viri

973 237 1011 259 ae
1034 229 1126 260 simul
1147 228 1275 268 patricii

925 274 977 306 Ab
1001 275 1161 307 immundo
1186 274 1365 306 vexabatur

972 321 1086 360 spiritu
1112 321 1319 361 frequentius,

924 366 1021 405 Quem
1044 368 1094 399 vir
1117 368 1177 399 Dei
1204 368 1385 399 consecrato

970 417 1097 445 unctum
1123 417 1215 445 sanat
1239 414 1318 444 oleo.

854 459 892 491 V.
921 461 972 492 Ita
994 461 1146 491 liberatus
1171 468 1251 501 puer

972 510 1020 537 est
1043 516 1062 538 a
1086 515 1220 546 nequam
1244 505 1367 547 spiritu,

924 553 969 585 Ut
993 553 1079 584 ultra
1104 562 1173 584 eum
1197 555 1323 584 tentare

972 608 1168 638 nequaquam
1192 601 1421 638 praesumeret.

869 656 899 687 3.
927 655 1096 694 eujusdam
1120 655 1318 687 Arelatensis

973 701 1110 733 ministri
1135 702 1288 733 ecclesiae

927 749 1014 781 Filia
1037 749 1126 788 gravi
1149 749 1301 789 languore

969 795 1097 834 jacebat
1120 799 1332 835 praemortua,

927 843 988 875 Pro
1014 852 1076 882 qua
1099 843 1149 875 vir
1172 842 1234 874 Dei
1258 843 1370 884 oravit,

973 890 1058 929 patri
1081 899 1190 921 sanam
1215 889 1368 923 reddidit.

855 936 894 967 V.
926 935 978 967 Sic
993 937 1050 967 illa
1073 939 1160 967 muta
1184 936 1332 968 manebat

970 983 1036 1022 Jam
1061 983 1168 1022 puella
1189 983 1305 1022 triduo,

926 1029 971 1061 Ut
995 1038 1053 1061 nec
1078 1039 1132 1061 ore
1156 1030 1241 1069 loqui
1265 1033 1373 1068 posset

975 1085 1103 1108 cernere
1126 1085 1185 1108 nec
1209 1076 1318 1109 oculis.

1034 1197 1078 1228 In
1104 1196 1332 1229 Laudibus.

1067 1261 1262 1296 Antiphonae.

867 1319 896 1350 1.
924 1318 1062 1357 Cumque
1082 1319 1147 1357 jam
1174 1319 1275 1350 exitus
1300 1320 1347 1350 sui

972 1368 1115 1402 cerneret
1137 1374 1196 1404 per
1218 1366 1364 1404 spiritum

925 1412 1015 1443 Diem
1037 1413 1223 1454 proximum,
1250 1421 1284 1443 se
1308 1413 1378 1444 vehi

967 1459 1062 1498 jussit
1084 1459 1117 1489 in
1143 1459 1335 1498 coenobium,

926 1505 1000 1544 Ipse
1024 1506 1107 1544 quod
1132 1508 1276 1544 patrarat
1301 1506 1418 1538 dudum

969 1552 1011 1583 ad
1035 1561 1112 1592 opus
1138 1552 1321 1592 virgineum.

865 1609 896 1640 2.
924 1607 1108 1639 Convocatis
1134 1617 1206 1639 mox
1230 1610 1353 1640 ancillis

970 1654 1097 1694 Christi,
1124 1656 1207 1694 quod
1231 1656 1386 1698 audierat,

922 1701 1118 1742 Consolatur,
1146 1710 1185 1732 ne
1210 1712 1336 1734 movere

969 1757 1043 1779 suus
1068 1756 1121 1779 eas
1146 1750 1299 1781 transitus

921 1794 1054 1835 Debeat,
1080 1796 1163 1835 quod
1189 1805 1223 1827 se
1248 1800 1414 1836 patronum

969 1842 1087 1873 scirent
1111 1843 1197 1882 apud
1222 1843 1402 1879 Dominum.

864 1899 895 1930 3.
922 1898 979 1931 Cui
1003 1907 1070 1939 nos,
1097 1907 1115 1929 ο
1140 1902 1232 1938 pater
1256 1904 1374 1939 sancte,

972 1945 1128 1976 desolatas
1155 1946 1298 1979 deseris?

920 1991 1038 2030 Quibus
1061 1992 1130 2025 ille:
1156 2003 1218 2025 non
1244 2003 1311 2036 vos,
1336 1995 1392 2038 ait,

967 2038 1162 2080 benedictae,
1188 2042 1310 2085 deser0,

920 2084 984 2117 Sed
1008 2095 1066 2125 pro
1091 2087 1181 2119 vobis
1206 2092 1374 2128 rogaturus

968 2133 1009 2164 ad
1034 2133 1193 2167 Christum
1219 2136 1370 2168 accelero.

862 2189 894 2220 4.
923 2187 1042 2220 Cuncta
1064 2198 1147 2221 nune
1171 2191 1265 2222 simul
1291 2195 1398 2224 creata

966 2235 1155 2268 benedicant
1178 2238 1358 2279 Dominum,

919 2281 1054 2313 Tantum
1078 2285 1130 2322 qui
1156 2285 1246 2316 nobis
1271 2288 1440 2324 patronum

967 2328 1057 2360 dedit
1079 2330 1112 2361 in
1136 2335 1333 2370 perpetuum,
