1650 2587
754 122 1009 158 -203—

265 238 272 244 .
300 210 378 244 Orat
401 221 459 252 pro
484 212 745 255 naufragantibus

298 259 356 290 Vir
380 258 440 291 Dei
465 269 532 291 cum
558 262 736 304 gemitibus,

299 305 409 338 Victus
434 308 545 347 populi
568 309 716 348 precibus

299 352 453 386 Subvenit
476 357 693 397 pereuntibuS,

299 400 481 433 Sacerdotis
504 405 675 441 praeconia

301 448 480 481 Ostendunt
503 452 552 481 tot
575 451 730 491 prodigia.

259 519 266 527 .
296 494 364 527 Fac
383 505 476 536 nunc,
504 498 587 536 quod
606 499 679 530 olim
697 507 848 539 gesseras,

300 541 422 583 Pastor,
446 553 571 584 gregem
596 554 657 577 non
683 546 820 586 deseras,

299 589 438 622 Subveni
461 590 722 632 naufragantibus

298 637 429 668 Portum
456 639 719 671 desiderantibus,

384 797 428 829 In
452 798 681 831 Laudibus.

440 882 633 918 Antiphonae.

262 984 268 991 .
296 958 400 998 Signis
424 959 458 990 in
482 962 584 990 morte
608 959 732 998 claruit,

296 1005 415 1044 Corpus
439 1006 602 1037 inventum
626 1005 797 1047 splenduit,

292 1052 338 1084 Ut
362 1051 534 1083 balsamum
561 1052 708 1090 redoluit,

293 1099 428 1130 Animae
454 1099 573 1130 coelum
598 1098 710 1138 patuit.

256 1199 263 1206 .
290 1174 368 1206 Post
392 1174 453 1206 viri
478 1173 539 1205 Dei
564 1174 732 1205 transitum

293 1221 459 1253 Planctum
483 1230 628 1260 magnum
650 1223 682 1251 et
697 1222 844 1260 gemitum

292 1268 372 1307 Ejus
398 1272 497 1309 agunt
523 1268 671 1308 discipuli

291 1316 330 1348 In
355 1324 412 1347 sua
436 1318 538 1346 morte
562 1315 714 1355 quaeruli.

255 1416 261 1423 .
288 1391 343 1423 Ad
367 1392 485 1423 tactum
510 1391 560 1422 sui
583 1390 695 1422 tumuli

290 1438 406 1470 Manus
432 1440 524 1469 sanat
548 1437 706 1477 discipuli,

290 1485 409 1517 Salutis
435 1483 588 1518 beneficia

291 1532 360 1564 Sibi
386 1533 442 1564 dat
463 1535 495 1564 et
518 1532 647 1564 auxilia.

253 1634 261 1640 .
287 1610 400 1641 Petrus
426 1607 569 1640 febribus
593 1609 730 1647 imperat

285 1656 329 1688 Et
355 1655 476 1688 claudis
502 1663 644 1695 gressum
668 1657 798 1694 reparat

284 1703 329 1736 Et
351 1704 447 1735 mutis
474 1702 530 1734 dat
553 1702 733 1735 fecundiam

284 1750 329 1782 Et
352 1750 458 1782 surdis
482 1750 686 1782 audientiam.

921 221 948 252 5.
977 220 1071 252 Caeci
1092 219 1211 259 vident,
1237 219 1315 251 muti
1339 218 1456 260 fantur,

1024 266 1176 306 Oppressi
1202 266 1362 298 doloribus

977 313 1020 345 Et
1042 313 1159 346 infirmi
1182 313 1358 345 liberantur

1025 360 1129 392 Variis
1153 360 1366 402 languoribus.

1089 425 1135 452 Ad
1154 425 1336 452 Benedictus.

940 495 946 502 .
977 472 1179 514 Benedictus,

1024 521 1076 558 qui
1100 519 1179 551 fecit
1201 519 1315 559 omnia,

977 566 1035 604 Qui
1061 567 1154 598 Petro
1181 567 1271 598 dedit
1294 566 1426 606 gratiam

976 613 1130 645 Faciendi

1024 663 1071 693 tot
1093 660 1261 700 mirabilia,

976 708 1073 746 Quem
1097 708 1273 739 transvexit
1296 707 1338 738 ad
1362 708 1508 746 patriam,

976 754 1020 786 Et
1044 763 1120 794 quos
1146 755 1263 793 premit

1023 802 1123 833 omnis
1147 801 1283 843 miseria,

975 848 1131 887 Impetret
1150 847 1241 879 nobis
1266 848 1398 889 veniam,

975 894 1020 926 Ut
1042 894 1184 927 fruamur

1023 945 1151 973 aeterna
1176 941 1285 980 gloria.

1044 1025 1089 1057 In
1115 1027 1147 1058 2.
1172 1025 1386 1064 Vesperis.

1093 1090 1138 1117 Ad
1156 1089 1334 1125 Magnificat.

934 1165 941 1171 .
971 1137 1154 1170 Recordare

1020 1187 1144 1217 tuorum
1168 1193 1352 1226 pauperum,

972 1233 1094 1274 Pastor,
1120 1240 1244 1272 gregem

1020 1278 1127 1310 refove
1151 1284 1304 1319 tenerum,

971 1326 1127 1357 Miserere

1017 1376 1142 1405 tuarum
1167 1374 1288 1412 ovium;

974 1420 1078 1460 Pater,
1102 1422 1223 1451 mentes

1018 1466 1163 1499 conforta
1188 1467 1325 1499 tristium

971 1514 1015 1546 Et
1043 1523 1177 1554 corpora

1018 1570 1095 1593 sana
1118 1561 1344 1601 languentium,

970 1608 1061 1648 Roga
1085 1617 1191 1648 regem

1015 1656 1253 1687 misericordiae

969 1703 1030 1734 Pro
1057 1703 1181 1735 delictis

1016 1750 1107 1790 hujus
1132 1749 1282 1783 familiae.

290 1816 375 1843 Brev.
394 1824 449 1842 ms.
464 1816 655 1850 Piperacense
674 1817 744 1842 anni
766 1813 846 1842 1440.
864 1814 933 1843 Cod.
950 1814 1043 1851 Capit.
1056 1816 1188 1843 Anieien.
1204 1824 1226 1843 s.
1241 1825 1269 1843 n.
1289 1831 1327 1835 --
1346 1815 1382 1843 In
1399 1814 1422 1843 1.
1438 1816 1522 1844 Noet.

214 1851 235 1880 Β
259 1852 283 1887 1,
305 1851 322 1880 9
342 1853 468 1881 divinus.
487 1868 526 1872 —
547 1851 568 1879 Β
589 1851 616 1886 2,
639 1851 654 1879 1
670 1852 792 1887 jejunio.
814 1867 850 1872 ——
869 1853 905 1881 In
924 1851 950 1880 2.
970 1854 1054 1881 Noct.
1078 1851 1098 1879 Β
1119 1851 1137 1880 2
1157 1855 1197 1880 ist
1216 1854 1449 1890 unvollstandigz
1470 1854 1523 1881 das

212 1891 343 1919 'Weitere
363 1891 413 1919 des
434 1888 464 1916 V.
484 1892 525 1917 ist
543 1890 790 1927 fortgeschnitten.
816 1905 853 1909 —
882 1890 902 1917 Β
924 1889 955 1925 3,
984 1890 1000 1918 6
1020 1891 1096 1919 fehlt
1115 1893 1180 1919 eine
1200 1892 1288 1920 Silbe.
1316 1906 1351 1910 -
1374 1893 1411 1919 In
1429 1892 1523 1919 Laud.

216 1929 239 1956 Α
261 1927 286 1962 1,
306 1927 326 1956 4
345 1929 458 1956 eoelum
479 1930 612 1964 proturit.

595 2020 639 2049 77.
678 2019 721 2051 De
741 2028 765 2050 s.
788 2020 879 2051 Petro
901 2019 1143 2051 Tarentasiensi.

355 2089 402 2121 In
428 2090 459 2122 1.
483 2088 700 2129 Vesperis.

395 2140 489 2175 Super
509 2140 651 2167 Psalmos.

210 2193 251 2222 A.
284 2184 406 2225 Gaude,
430 2184 565 2224 Vienna,
590 2183 746 2224 praesulis

331 2232 421 2265 Petri
446 2230 560 2263 festivo
586 2231 711 2272 gaudio,

285 2284 383 2321 Quem
408 2279 631 2311 admirandum
654 2280 787 2311 saeculis

330 2328 381 2361 De
405 2330 459 2358 tuo
484 2326 645 2358 territorio

283 2376 403 2411 Misisti
428 2384 499 2407 cum
524 2374 685 2406 miraculis

330 2424 376 2457 Et
399 2424 554 2456 virtutum
574 2421 722 2455 sacrario.

897 2090 937 2122 R.
967 2089 1065 2129 Virgo
1091 2098 1205 2129 parens
1232 2090 1360 2132 Christi,

1018 2137 1059 2169 da
1082 2140 1216 2177 turmae,
1243 2146 1440 2179 quaesumus,
1454 2140 1519 2180 isti,

969 2184 1015 2217 Ut
1038 2184 1097 2216 tibi
1124 2185 1236 2217 devoto

1014 2232 1111 2263 Petro
1136 2233 1300 2264 conamine
1324 2235 1390 2266 toto

971 2278 1138 2310 Cantemus
1167 2279 1274 2312 dulces

1017 2326 1102 2358 dulci
1128 2335 1196 2358 cum
1223 2328 1360 2359 carmine
1383 2330 1505 2362 laudes.

897 2375 934 2408 V.
965 2374 1075 2414 Adsis,
1100 2374 1190 2414 virgo
1215 2376 1278 2416 pia,

1014 2431 1097 2454 nunc
1121 2431 1180 2462 pro
1196 2423 1288 2455 nobis
1313 2432 1379 2465 ora,
1404 2424 1521 2459 Maria.
